1940 2474
284 156 335 191 ’,ρ
531 151 570 182 Η.
637 150 670 181 C.
738 158 847 180 vAN
915 157 1019 179 nnn
1084 147 1261 179 BOON
1326 149 1562 187 MESCH,

331 239 429 268 Pisces
453 237 544 266 fateor
564 245 671 264 merum
692 236 781 264 aei-em
807 235 1079 279 Atmosphaericum
1105 241 1163 262 non
1184 242 1272 270 posse
1293 233 1381 271 ferre3
1405 235 1459 264 hos
1484 236 1513 265 in
1532 244 1565 265 eo
1583 237 1694 265 locatos
1717 235 1805 266 citius

292 290 404 329 perire:
434 297 531 318 verum
553 288 622 323 quid
642 287 753 315 homini
776 287 933 321 accideret,
955 286 980 315 si
1011 286 1040 314 in
1066 286 1190 315 medium
1216 285 1415 314 immitteretur
1437 293 1518 316 tanto
1539 288 1674 323 tenuius⁷
1697 294 1808 323 quanto

295 343 342 372 aei·
362 347 406 369 cst
424 341 499 376 aqua
519 338 652 367 tenuior?
682 338 761 377 Quid
781 336 967 374 expersuntur
988 337 1167 367 itineratores
1189 337 1219 366 in
1242 337 1383 365 montium
1407 337 1612 367 altissimorum
1636 338 1808 368 cacumine?

293 392 366 429 quid
387 392 420 420 de
442 391 487 419 his
511 391 630 418 locutus
651 391 823 418 Samma-ias
843 389 922 426 (19)
944 389 1069 424 aliique?
1100 396 1192 424 neque
1216 388 1262 417 hic
1282 390 1326 417 aer
1346 388 1380 417 ab
1402 397 1457 424 eo⁷
1476 389 1504 418 111
1523 399 1585 425 quo
1606 399 1660 421 nos
1681 390 1808 419 vivimus

294 443 373 478 sani,
399 448 548 477 tantopere
569 440 680 476 differt,
708 448 884 477 quantopere
905 441 949 468 aer
977 440 1011 468 ab
1037 448 1129 476 aqua:
1157 448 1243 475 quare
1263 448 1380 475 quoque
1405 449 1472 469 vasa
1499 450 1606 470 venosa
1629 447 1656 470 et
1675 441 1810 470 arteriosa

293 493 468 523 branchialia
490 491 615 527 piscium
637 501 755 528 eorum,
786 493 836 528 qui
858 492 907 521 diu
931 499 1007 520 extra
1030 500 1132 528 aquarn
1154 491 1183 520 in
1205 491 1276 527 ripis
1299 497 1325 518 et
1343 491 1491 520 littoribus
1504 493 1614 529 jacent,
1636 499 1718 522 extus
1738 493 1811 521 lace-

293 552 355 574 rata
378 551 405 573 et
433 545 572 582 sanguine
600 550 701 580 erupto
728 543 839 573 foedata
870 542 991 572 inveniri
1018 542 1119 571 scribit
1147 542 1267 571 eximius
1293 542 1440 580 Lacepdde
1464 543 1568 580 (20):
1601 551 1693 580 neque
1721 551 1809 581 urgeo

295 597 388 625 abiem
408 596 679 633 Atmosphaericum
702 605 761 625 non
784 601 894 624 tantum
916 594 1054 629 fortiori,
1072 602 1156 630 quam
1181 594 1239 622 vita
1256 593 1380 633 piscium
1400 593 1485 629 sinit,
1507 602 1605 623 verum
1625 594 1810 632 heterogeneo

292 647 473 676 irritamento
498 647 625 683 piscium
648 656 750 684 organa
776 647 941 682 stimulare,
963 652 990 674 et
1013 645 1127 682 plenius
1157 653 1241 681 quam
1272 653 1323 681 par
1353 650 1395 673 est
1420 645 1543 681 oxydare
1561 645 1745 682 sanguinem:
1768 652 1812 674 est

294 699 373 727 enirn
395 698 528 735 piscibus
550 708 613 735 aer,
643 699 722 735 quod
746 697 830 727 nobis
861 697 1033 734 oxygenium
1063 696 1250 733 purissimum
1280 704 1373 731 neque
1398 702 1489 725 azoto.
1510 702 1694 732 temperatum
1719 696 1811 725 foret:

291 759 387 786 neque
406 749 566 785 immoror,
593 751 627 779 ad
649 751 739 778 aerem
764 749 958 785 respirandum
989 747 1113 784 piscium
1134 747 1284 776 branchias
1306 756 1365 776 non
1386 755 1449 776 esse
1470 748 1634 786 adaptans,
1661 753 1694 776 ut
1716 747 1811 776 nostri

290 802 446 838 pulmones
471 810 531 830 non
554 801 588 829 ad
614 810 716 837 aquam
738 800 954 836 respirandam3
985 806 1034 828 aut
1053 799 1195 827 lubricum
1224 798 1306 826 illum
1333 798 1495 834 squalorem
1520 799 1652 835 piscibus
1682 806 1813 827 necessa·

292 852 373 891 1-111111
402 853 462 880 aere
487 851 638 887 inspissari
661 858 688 880 et
715 852 883 887 durescere3
912 852 979 879 haec
1003 857 1096 879 autem
1127 850 1222 879 omnia
1244 849 1387 886 efficiunt,
1408 856 1441 878 ut
1461 849 1557 886 pisces
1583 851 1672 879 aerem
1692 850 1810 879 Atmos-

290 904 460 940 sphaericum
483 911 543 931 non
561 902 665 932 ferant.

329 955 393 992 Jam
417 963 485 984 vero
499 976 509 990 ‚
536 954 669 991 quamvis
689 954 728 983 ita
749 953 843 990 pisces
864 961 916 990 gaz
937 953 1108 990 oxygenium
1129 961 1220 989 aquae
1239 953 1401 982 immixtum
1423 952 1550 988 deleant,
1572 961 1605 981 eo
1632 952 1696 988 ipso
1717 959 1815 982 tamen

291 1006 397 1035 debent
419 1008 481 1043 ejus
502 1005 614 1042 copiam
643 1006 671 1034 in
697 1005 906 1041 Atmosphaera
935 1005 1107 1033 diminuere:
1138 1013 1204 1033 cum
1233 1004 1306 1033 enim
1334 1005 1434 1034 habeat
1466 1013 1540 1042 aqua
1573 1012 1639 1032 cum
1669 1004 1813 1040 oxygenio

291 1057 475 1093 affinitatem,
499 1058 524 1086 si
545 1057 599 1086 hoc
618 1056 749 1093 privatur
768 1056 973 1093 respiratione,
1000 1065 1033 1084 ex
1053 1057 1181 1092 proxime
1205 1056 1388 1084 incumbente
1416 1058 1475 1086 aiire
1497 1056 1743 1091 Annosphacrico-
1760 1064 1815 1083 no·

291 1118 362 1140 vum
383 1109 494 1145 haurit3
524 1117 577 1145 pro
599 1116 630 1137 ea
654 1108 750 1144 itaque
774 1108 897 1142 ratione,
925 1116 980 1142 qua
1002 1107 1096 1143 pisces
1124 1107 1297 1144 oxygenium
1317 1107 1437 1136 trahunt
1460 1116 1495 1136 ex
1519 1116 1611 1143 aqua,
1634 1115 1707 1142 aqua
1729 1106 1813 1134 debet

294 1162 404 1190 trahere
427 1169 461 1190 ex
481 1160 710 1198 Atmosphaera:
743 1159 819 1188 unde
839 1165 866 1188 et
889 1166 999 1195 semper
1023 1167 1097 1195 aqua
1123 1167 1212 1195 aeque
1237 1164 1303 1195 apta
1329 1158 1484 1187 instruitur
1511 1159 1546 1187 ad
1569 1158 1664 1195 pisces
1691 1156 1816 1193 respira-

291 1211 372 1242 tione
391 1213 521 1242 alendos.

991 1288 1020 1323 g,
1064 1288 1112 1316 16.

300 1361 305 1364 ”
331 1364 480 1395 Mollusca
501 1367 580 1404 (21)
599 1374 716 1402 quoquc
736 1364 881 1393 branchiis
907 1363 1128 1400 imperfectioris
1151 1365 1264 1399 quidem
1284 1369 1405 1393 attamen
1420 1363 1548 1399 piscinae
1567 1365 1728 1392 structurae
1748 1370 1815 1391 ana-

291 1404 375 1451 rogae
394 1417 595 1452 instruuntur,
619 1416 727 1452 quibus
749 1415 968 1451 oxy-gemeticum
989 1414 1163 1451 principium
1183 1422 1344 1444 assumunt.
1385 1415 1512 1450 Apparet
1535 1423 1652 1449 quoque
1667 1414 1691 1442 si
1707 1414 1742 1442 ad
1759 1414 1815 1441 ho·

291 1475 356 1494 xum
375 1466 536 1495 animalium
556 1476 679 1504 organa,
710 1466 850 1502 imprimis
876 1466 912 1494 ad
929 1465 1077 1502 sanguinis
1102 1466 1226 1495 indolem
1246 1467 1443 1501 attendamus,
1472 1465 1628 1493 Molluseis
1648 1473 1723 1500 opus
1747 1471 1812 1493 esse

293 1518 351 1546 hoc
373 1517 447 1545 vitae
462 1517 588 1553 pabulo:
622 1519 699 1553 quod
718 1516 889 1546 monstravit
918 1517 965 1545 111.
994 1517 1203 1554 Vaasqxelinus.
1244 1517 1389 1546 Limacem
1420 1517 1525 1545 flavum
1548 1516 1630 1553 (αα)
1653 1515 1691 1543 L.
1713 1515 1743 1543 in
1764 1523 1814 1551 cy-

293 1569 335 1596 1111
348 1569 389 1595 'ro
412 1568 561 1596 duodecim
584 1569 743 1605 pollicibus
765 1567 877 1596 cubicis
900 1567 970 1597 aeris
995 1567 1228 1603 Atmosphaerici
1249 1569 1357 1604 repleto
1377 1567 1499 1604 posuit,
1529 1575 1588 1602 quo
1610 1573 1726 1595 mortuo
1743 1571 1813 1602 post

293 1619 375 1648 XLV
379 1619 415 1646 Ill
439 1620 571 1648 horarum
595 1620 718 1656 spatium
740 1620 888 1656 elapsum,
912 1626 1097 1648 remanentem
1114 1620 1201 1647 ae'rem
1219 1618 1328 1647 invenit
1346 1619 1546 1656 Vauquclitms
1565 1617 1728 1654 extinguere
1747 1625 1812 1645 cau-

295 1670 402 1706 delam,
424 1680 458 1700 ne
478 1671 594 1706 quidem
612 1672 818 1708 phosphorum
841 1671 940 1699 fusum
962 1678 1091 1706 mutare,
1110 1671 1223 1699 turbare
1243 1678 1310 1698 vero
1335 1678 1439 1704 aquam
1462 1669 1573 1703 calcis,
1591 1677 1622 1696 ac
1649 1669 1715 1704 3736
1738 1668 1816 1703 poll-

1715 1717 1816 1748 cubic·

326 1826 387 1851 Γιω
403 1824 452 1846 Vid.
472 1826 566 1846 nemrim
584 1824 634 1844 d'un
652 1828 724 1850 voyage
743 1822 757 1843 δ
777 1822 798 1843 la
815 1821 864 1843 n'm
881 1822 908 1843 du
927 1822 1096 1850 Mons-Bluc,
1110 1829 1132 1851 p.
1149 1825 1175 1845 ιε
1188 1827 1212 1844 et
1223 1821 1259 1848 ³6.
1276 1828 1300 1845 et
1319 1821 1380 1846 curn.
1397 1822 1508 1851 strangu,
1528 1821 1610 1844 [lauat.
1628 1821 1666 1843 ln
1679 1821 1814 1849 Ριθιῐορι,

295 1865 313 1888 Ι,
326 1866 366 1887 Th.
385 1872 432 1893 pag*
448 1872 488 1892 52⁴
501 1871 523 1888 et
536 1872 584 1893 scq-
1404 1866 1410 1870 ”

326 1908 381 1932 (aes
406 1907 454 1928 vid.
470 1909 525 1929 [list.
538 1908 590 1928 Nat.
606 1907 639 1927 Aee
657 1907 762 1933 Poimm,
778 1906 841 1928 Torn.
855 1905 871 1926 1.
889 1909 937 1932 pag.
951 1910 976 1931 41
995 1910 1016 1926 et
1032 1911 1096 1933 seqq.

326 1947 388 1974 (αι)
406 1948 523 1975 Lamarck,
541 1949 615 1970 Plnlos.
632 1949 764 1975 Zob'logfqua
781 1947 876 1969 Tem-1.
892 1952 915 1973 p.
935 1945 1064 1971 166-170.

325 1987 388 2017 (22)
404 1990 547 2019 Scluikuuiige
563 1988 709 2015 ΒίΙιΙὶοιΙιιιΙι,
725 1989 790 2010 Tem.
804 1987 832 2010 ll.
847 1995 870 2015 p.
885 1989 1015 2018 283-291.
