<?xml version="1.0" encoding="UTF-8"?>
<!DOCTYPE html PUBLIC "-//W3C//DTD XHTML 1.0 Transitional//EN"
    "http://www.w3.org/TR/xhtml1/DTD/xhtml1-transitional.dtd">
<html xmlns="http://www.w3.org/1999/xhtml" xml:lang="en" lang="en">
 <head>
  <title>
</title>
<meta http-equiv="Content-Type" content="text/html;charset=utf-8" />
  <meta name='ocr-system' content='tesseract 3.04.00' />
  <meta name='ocr-capabilities' content='ocr_page ocr_carea ocr_par ocr_line ocrx_word'/>
</head>
<body>
  <div class='ocr_page' id='page_1' title='image "annalesacademiae16rijk_0634.png"; bbox 0 0 1940 2474; ppageno 0'>
   <div class='ocr_carea' id='block_1_1' title="bbox 173 147 1409 190">
    <p class='ocr_par' dir='ltr' id='par_1_1' title="bbox 173 147 1409 190">
     <span class='ocr_line' id='line_1_1' title="bbox 173 147 1409 190; baseline 0.001 -1"><span class='ocrx_word' id='word_1_1' title='bbox 173 154 218 189; x_wconf 65' lang='lat'>&#39;52</span> <span class='ocrx_word' id='word_1_2' title='bbox 445 156 483 188; x_wconf 89' lang='lat' dir='ltr'>G.</span> <span class='ocrx_word' id='word_1_3' title='bbox 569 157 596 188; x_wconf 80' lang='lat' dir='ltr'>J.</span> <span class='ocrx_word' id='word_1_4' title='bbox 684 154 723 188; x_wconf 90' lang='lat' dir='ltr'>C.</span> <span class='ocrx_word' id='word_1_5' title='bbox 812 164 922 188; x_wconf 70' lang='grc' dir='ltr'>νΑπ</span> <span class='ocrx_word' id='word_1_6' title='bbox 985 147 1409 190; x_wconf 79' lang='lat' dir='ltr'>&#39;MAssow</span> 
     </span>
    </p>
   </div>
   <div class='ocr_carea' id='block_1_2' title="bbox 174 240 1693 1357">
    <p class='ocr_par' dir='ltr' id='par_1_2' title="bbox 174 240 1693 1357">
     <span class='ocr_line' id='line_1_2' title="bbox 177 240 1693 286; baseline 0.003 -15"><span class='ocrx_word' id='word_1_7' title='bbox 177 248 229 279; x_wconf 77' lang='lat' dir='ltr'>per</span> <span class='ocrx_word' id='word_1_8' title='bbox 252 242 438 272; x_wconf 82' lang='lat' dir='ltr'>coemtionem</span> <span class='ocrx_word' id='word_1_9' title='bbox 457 242 487 271; x_wconf 88' lang='lat' dir='ltr'>in</span> <span class='ocrx_word' id='word_1_10' title='bbox 511 250 624 272; x_wconf 88' lang='lat' dir='ltr'>manum</span> <span class='ocrx_word' id='word_1_11' title='bbox 653 241 748 271; x_wconf 86' lang='lat' dir='ltr'>mariti</span> <span class='ocrx_word' id='word_1_12' title='bbox 771 242 978 286; x_wconf 70' lang='lat' dir='ltr'>convenieBant</span> <span class='ocrx_word' id='word_1_13' title='bbox 1000 248 1104 272; x_wconf 85' lang='lat' dir='ltr'>uxores</span> <span class='ocrx_word' id='word_1_14' title='bbox 1131 240 1344 281; x_wconf 78' lang='lat' dir='ltr'>(confarreatio</span> <span class='ocrx_word' id='word_1_15' title='bbox 1368 245 1443 274; x_wconf 87' lang='lat' dir='ltr'>enim</span> <span class='ocrx_word' id='word_1_16' title='bbox 1463 246 1524 283; x_wconf 43' lang='lat' dir='ltr'>jam&gt;</span> <span class='ocrx_word' id='word_1_17' title='bbox 1546 246 1693 277; x_wconf 62' lang='lat' dir='ltr'>Ciceroni}</span> 
     </span>
     <span class='ocr_line' id='line_1_3' title="bbox 178 292 1688 333; baseline 0.005 -12"><span class='ocrx_word' id='word_1_18' title='bbox 178 298 266 321; x_wconf 81' lang='lat' dir='ltr'>aetate</span> <span class='ocrx_word' id='word_1_19' title='bbox 288 292 316 321; x_wconf 92' lang='lat' dir='ltr'>in</span> <span class='ocrx_word' id='word_1_20' title='bbox 338 293 552 323; x_wconf 78' lang='lat' dir='ltr'>desuetudinem</span> <span class='ocrx_word' id='word_1_21' title='bbox 576 293 682 322; x_wconf 80' lang='lat' dir='ltr'>abiisse</span> <span class='ocrx_word' id='word_1_22' title='bbox 702 293 815 322; x_wconf 87' lang='lat' dir='ltr'>videtur</span> <span class='ocrx_word' id='word_1_23' title='bbox 840 294 894 322; x_wconf 83' lang='lat' dir='ltr'>Or.</span> <span class='ocrx_word' id='word_1_24' title='bbox 914 301 970 332; x_wconf 85' lang='lat' dir='ltr'>pro</span> <span class='ocrx_word' id='word_1_25' title='bbox 989 294 1093 323; x_wconf 81' lang='lat' dir='ltr'>Flacco</span> <span class='ocrx_word' id='word_1_26' title='bbox 1113 304 1140 323; x_wconf 89' lang='lat' dir='ltr'>c.</span> <span class='ocrx_word' id='word_1_27' title='bbox 1155 297 1224 333; x_wconf 82' lang='lat'>34.)</span> <span class='ocrx_word' id='word_1_28' title='bbox 1242 295 1310 332; x_wconf 88' lang='lat' dir='ltr'>JCti</span> <span class='ocrx_word' id='word_1_29' title='bbox 1333 296 1531 333; x_wconf 86' lang='lat' dir='ltr'>excogitarunt</span> <span class='ocrx_word' id='word_1_30' title='bbox 1551 299 1688 329; x_wconf 88' lang='lat' dir='ltr'>rationem</span> 
     </span>
     <span class='ocr_line' id='line_1_4' title="bbox 181 344 1691 384; baseline 0.003 -12"><span class='ocrx_word' id='word_1_31' title='bbox 181 351 197 372; x_wconf 75' lang='lat' dir='ltr'>a</span> <span class='ocrx_word' id='word_1_32' title='bbox 218 351 247 371; x_wconf 87' lang='lat' dir='ltr'>re</span> <span class='ocrx_word' id='word_1_33' title='bbox 269 344 353 380; x_wconf 85' lang='lat' dir='ltr'>plane</span> <span class='ocrx_word' id='word_1_34' title='bbox 375 345 534 380; x_wconf 87' lang='lat' dir='ltr'>diversam,</span> <span class='ocrx_word' id='word_1_35' title='bbox 557 344 599 373; x_wconf 87' lang='lat' dir='ltr'>uti</span> <span class='ocrx_word' id='word_1_36' title='bbox 619 353 678 374; x_wconf 85' lang='lat' dir='ltr'>eam</span> <span class='ocrx_word' id='word_1_37' title='bbox 704 345 789 374; x_wconf 84' lang='lat' dir='ltr'>tradit</span> <span class='ocrx_word' id='word_1_38' title='bbox 814 345 957 384; x_wconf 76' lang='lat' dir='ltr'>Ulpianus</span> <span class='ocrx_word' id='word_1_39' title='bbox 979 345 1009 374; x_wconf 89' lang='lat' dir='ltr'>in</span> <span class='ocrx_word' id='word_1_40' title='bbox 1032 345 1062 375; x_wconf 82' lang='lat' dir='ltr'>d.</span> <span class='ocrx_word' id='word_1_41' title='bbox 1086 346 1126 375; x_wconf 91' lang='lat' dir='ltr'>L.</span> <span class='ocrx_word' id='word_1_42' title='bbox 1147 355 1172 376; x_wconf 86' lang='lat'>1.</span> <span class='ocrx_word' id='word_1_43' title='bbox 1189 346 1227 382; x_wconf 86' lang='lat' dir='ltr'>ff.</span> <span class='ocrx_word' id='word_1_44' title='bbox 1250 346 1284 375; x_wconf 80' lang='lat' dir='ltr'>de</span> <span class='ocrx_word' id='word_1_45' title='bbox 1305 346 1370 376; x_wconf 84' lang='lat' dir='ltr'>don.</span> <span class='ocrx_word' id='word_1_46' title='bbox 1394 349 1474 376; x_wconf 78' lang='lat' dir='ltr'>inter</span> <span class='ocrx_word' id='word_1_47' title='bbox 1497 348 1534 377; x_wconf 93' lang='lat' dir='ltr'>V.</span> <span class='ocrx_word' id='word_1_48' title='bbox 1551 355 1579 376; x_wconf 81' lang='lat' dir='ltr'>et</span> <span class='ocrx_word' id='word_1_49' title='bbox 1593 349 1630 377; x_wconf 88' lang='lat' dir='ltr'>U.</span> <span class='ocrx_word' id='word_1_50' title='bbox 1652 365 1691 374; x_wconf 92' lang='lat'><em>-</em></span> 
     </span>
     <span class='ocr_line' id='line_1_5' title="bbox 180 394 1692 434; baseline 0.003 -11"><span class='ocrx_word' id='word_1_51' title='bbox 180 394 251 423; x_wconf 89' lang='lat' dir='ltr'>Non</span> <span class='ocrx_word' id='word_1_52' title='bbox 272 401 364 424; x_wconf 84' lang='lat' dir='ltr'>autem</span> <span class='ocrx_word' id='word_1_53' title='bbox 386 396 546 433; x_wconf 86' lang='lat' dir='ltr'>prohibitae</span> <span class='ocrx_word' id='word_1_54' title='bbox 568 402 646 424; x_wconf 88' lang='lat' dir='ltr'>erant</span> <span class='ocrx_word' id='word_1_55' title='bbox 669 397 838 425; x_wconf 71' lang='lat' dir='ltr'>donationes</span> <span class='ocrx_word' id='word_1_56' title='bbox 860 396 934 425; x_wconf 88' lang='lat' dir='ltr'>inter</span> <span class='ocrx_word' id='word_1_57' title='bbox 955 405 1095 433; x_wconf 86' lang='lat' dir='ltr'>sponsum</span> <span class='ocrx_word' id='word_1_58' title='bbox 1117 403 1145 425; x_wconf 89' lang='lat' dir='ltr'>et</span> <span class='ocrx_word' id='word_1_59' title='bbox 1165 405 1319 433; x_wconf 88' lang='lat' dir='ltr'>sponsam,</span> <span class='ocrx_word' id='word_1_60' title='bbox 1351 399 1429 434; x_wconf 92' lang='lat' dir='ltr'>quod</span> <span class='ocrx_word' id='word_1_61' title='bbox 1454 399 1573 427; x_wconf 81' lang='lat' dir='ltr'>docetur</span> <span class='ocrx_word' id='word_1_62' title='bbox 1596 399 1626 429; x_wconf 90' lang='lat' dir='ltr'>in</span> <span class='ocrx_word' id='word_1_63' title='bbox 1647 408 1692 428; x_wconf 80' lang='lat' dir='ltr'>ar·</span> 
     </span>
     <span class='ocr_line' id='line_1_6' title="bbox 181 447 1693 485; baseline 0.004 -11"><span class='ocrx_word' id='word_1_64' title='bbox 181 452 318 482; x_wconf 81' lang='lat' dir='ltr'>gumento</span> <span class='ocrx_word' id='word_1_65' title='bbox 339 447 427 484; x_wconf 85' lang='lat' dir='ltr'>hujus</span> <span class='ocrx_word' id='word_1_66' title='bbox 445 447 545 484; x_wconf 86' lang='lat' dir='ltr'>Legis.</span> <span class='ocrx_word' id='word_1_67' title='bbox 592 447 650 476; x_wconf 83' lang='lat' dir='ltr'>Res</span> <span class='ocrx_word' id='word_1_68' title='bbox 673 447 713 476; x_wconf 90' lang='lat' dir='ltr'>ibi</span> <span class='ocrx_word' id='word_1_69' title='bbox 735 447 836 477; x_wconf 86' lang='lat' dir='ltr'>tradita</span> <span class='ocrx_word' id='word_1_70' title='bbox 858 448 926 476; x_wconf 85' lang='lat' dir='ltr'>baec</span> <span class='ocrx_word' id='word_1_71' title='bbox 953 455 1007 477; x_wconf 90' lang='lat' dir='ltr'>est.</span> <span class='ocrx_word' id='word_1_72' title='bbox 1055 449 1188 485; x_wconf 84' lang='lat' dir='ltr'>Sponsus</span> <span class='ocrx_word' id='word_1_73' title='bbox 1208 457 1332 485; x_wconf 83' lang='lat' dir='ltr'>sponsae</span> <span class='ocrx_word' id='word_1_74' title='bbox 1355 449 1478 478; x_wconf 86' lang='lat' dir='ltr'>alienum</span> <span class='ocrx_word' id='word_1_75' title='bbox 1501 450 1619 479; x_wconf 87' lang='lat' dir='ltr'>Servum</span> <span class='ocrx_word' id='word_1_76' title='bbox 1641 451 1693 480; x_wconf 86' lang='lat' dir='ltr'>do-</span> 
     </span>
     <span class='ocr_line' id='line_1_7' title="bbox 182 497 1690 538; baseline 0.003 -12"><span class='ocrx_word' id='word_1_77' title='bbox 182 497 281 534; x_wconf 81' lang='lat' dir='ltr'>navit,</span> <span class='ocrx_word' id='word_1_78' title='bbox 304 507 387 534; x_wconf 90' lang='lat' dir='ltr'>quem</span> <span class='ocrx_word' id='word_1_79' title='bbox 410 499 440 527; x_wconf 91' lang='lat' dir='ltr'>b.</span> <span class='ocrx_word' id='word_1_80' title='bbox 458 498 482 527; x_wconf 88' lang='lat' dir='ltr'>f.</span> <span class='ocrx_word' id='word_1_81' title='bbox 505 498 681 535; x_wconf 84' lang='lat' dir='ltr'>possidebat.</span> <span class='ocrx_word' id='word_1_82' title='bbox 730 499 844 527; x_wconf 77' lang='lat' dir='ltr'>Securis</span> <span class='ocrx_word' id='word_1_83' title='bbox 870 499 971 528; x_wconf 88' lang='lat' dir='ltr'>deinde</span> <span class='ocrx_word' id='word_1_84' title='bbox 989 499 1117 536; x_wconf 87' lang='lat' dir='ltr'>nuptiis,</span> <span class='ocrx_word' id='word_1_85' title='bbox 1139 508 1247 536; x_wconf 87' lang='lat' dir='ltr'>sponsa</span> <span class='ocrx_word' id='word_1_86' title='bbox 1270 500 1389 529; x_wconf 86' lang='lat' dir='ltr'>servum</span> <span class='ocrx_word' id='word_1_87' title='bbox 1411 501 1515 537; x_wconf 83' lang='lat' dir='ltr'>illum,</span> <span class='ocrx_word' id='word_1_88' title='bbox 1537 508 1690 538; x_wconf 86' lang='lat' dir='ltr'>antequam</span> 
     </span>
     <span class='ocr_line' id='line_1_8' title="bbox 182 550 1689 589; baseline 0.004 -13"><span class='ocrx_word' id='word_1_89' title='bbox 182 555 247 576; x_wconf 83' lang='lat' dir='ltr'>eum</span> <span class='ocrx_word' id='word_1_90' title='bbox 270 550 469 586; x_wconf 84' lang='lat' dir='ltr'>usucepisset,</span> <span class='ocrx_word' id='word_1_91' title='bbox 497 558 608 586; x_wconf 89' lang='lat' dir='ltr'>sponso</span> <span class='ocrx_word' id='word_1_92' title='bbox 635 550 665 578; x_wconf 89' lang='grc'>111</span> <span class='ocrx_word' id='word_1_93' title='bbox 690 550 785 579; x_wconf 88' lang='lat' dir='ltr'>dotem</span> <span class='ocrx_word' id='word_1_94' title='bbox 812 550 948 580; x_wconf 83' lang='lat' dir='ltr'>dedisset.</span> <span class='ocrx_word' id='word_1_95' title='bbox 995 551 1084 588; x_wconf 87' lang='lat' dir='ltr'>Quod</span> <span class='ocrx_word' id='word_1_96' title='bbox 1114 551 1230 586; x_wconf 87' lang='lat' dir='ltr'>saepius</span> <span class='ocrx_word' id='word_1_97' title='bbox 1259 559 1290 580; x_wconf 87' lang='lat' dir='ltr'>ac</span> <span class='ocrx_word' id='word_1_98' title='bbox 1318 551 1380 589; x_wconf 86' lang='lat' dir='ltr'>jure</span> <span class='ocrx_word' id='word_1_99' title='bbox 1409 552 1505 581; x_wconf 84' lang='lat' dir='ltr'>fiebat.</span> <span class='ocrx_word' id='word_1_100' title='bbox 1553 552 1689 582; x_wconf 76' lang='lat' dir='ltr'>Divortio</span> 
     </span>
     <span class='ocr_line' id='line_1_9' title="bbox 174 601 1689 638; baseline 0.002 -9"><span class='ocrx_word' id='word_1_101' title='bbox 174 605 275 628; x_wconf 65' lang='lat' dir='ltr'>tutem</span> <span class='ocrx_word' id='word_1_102' title='bbox 299 608 400 637; x_wconf 87' lang='lat' dir='ltr'>postea</span> <span class='ocrx_word' id='word_1_103' title='bbox 422 602 520 630; x_wconf 88' lang='lat' dir='ltr'>soluto</span> <span class='ocrx_word' id='word_1_104' title='bbox 551 601 753 636; x_wconf 57' lang='lat' dir='ltr'>marmonio,</span> <span class='ocrx_word' id='word_1_105' title='bbox 780 601 927 638; x_wconf 84' lang='lat' dir='ltr'>rescripsit</span> <span class='ocrx_word' id='word_1_106' title='bbox 956 601 986 630; x_wconf 79' lang='lat' dir='ltr'>d.</span> <span class='ocrx_word' id='word_1_107' title='bbox 1008 602 1079 630; x_wconf 78' lang='lat' dir='ltr'>Plus</span> <span class='ocrx_word' id='word_1_108' title='bbox 1104 601 1310 632; x_wconf 82' lang='lat' dir='ltr'>restituendum</span> <span class='ocrx_word' id='word_1_109' title='bbox 1334 611 1396 632; x_wconf 83' lang='lat' dir='ltr'>esse</span> <span class='ocrx_word' id='word_1_110' title='bbox 1424 604 1557 633; x_wconf 90' lang='lat' dir='ltr'>Servum.</span> <span class='ocrx_word' id='word_1_111' title='bbox 1603 604 1689 633; x_wconf 89' lang='lat' dir='ltr'>Illum</span> 
     </span>
     <span class='ocr_line' id='line_1_10' title="bbox 183 649 1692 691; baseline 0.005 -13"><span class='ocrx_word' id='word_1_112' title='bbox 183 649 276 687; x_wconf 81' lang='lat' dir='ltr'>igitur</span> <span class='ocrx_word' id='word_1_113' title='bbox 297 660 313 680; x_wconf 90' lang='lat' dir='ltr'>a</span> <span class='ocrx_word' id='word_1_114' title='bbox 336 651 443 682; x_wconf 86' lang='lat' dir='ltr'>Marito</span> <span class='ocrx_word' id='word_1_115' title='bbox 472 660 595 689; x_wconf 83' lang='lat' dir='ltr'>repetere</span> <span class='ocrx_word' id='word_1_116' title='bbox 620 659 717 689; x_wconf 83' lang='lat' dir='ltr'>potest</span> <span class='ocrx_word' id='word_1_117' title='bbox 742 661 814 681; x_wconf 86' lang='lat' dir='ltr'>uxor</span> <span class='ocrx_word' id='word_1_118' title='bbox 834 652 945 682; x_wconf 89' lang='lat' dir='ltr'>actione</span> <span class='ocrx_word' id='word_1_119' title='bbox 970 653 1004 681; x_wconf 90' lang='lat' dir='ltr'>de</span> <span class='ocrx_word' id='word_1_120' title='bbox 1029 653 1113 688; x_wconf 77' lang='lat' dir='ltr'>dote,</span> <span class='ocrx_word' id='word_1_121' title='bbox 1143 660 1171 682; x_wconf 90' lang='lat' dir='ltr'>et</span> <span class='ocrx_word' id='word_1_122' title='bbox 1201 654 1225 682; x_wconf 91' lang='lat' dir='ltr'>si</span> <span class='ocrx_word' id='word_1_123' title='bbox 1251 654 1377 683; x_wconf 85' lang='lat' dir='ltr'>Maritus</span> <span class='ocrx_word' id='word_1_124' title='bbox 1406 662 1508 691; x_wconf 83' lang='lat' dir='ltr'>postea</span> <span class='ocrx_word' id='word_1_125' title='bbox 1527 656 1646 685; x_wconf 88' lang='lat' dir='ltr'>Servum</span> <span class='ocrx_word' id='word_1_126' title='bbox 1675 664 1692 684; x_wconf 82' lang='lat' dir='ltr'>a</span> 
     </span>
     <span class='ocr_line' id='line_1_11' title="bbox 185 703 1692 743; baseline 0.005 -14"><span class='ocrx_word' id='word_1_127' title='bbox 185 708 252 731; x_wconf 88' lang='lat' dir='ltr'>vero</span> <span class='ocrx_word' id='word_1_128' title='bbox 273 703 400 733; x_wconf 88' lang='lat' dir='ltr'>Domino</span> <span class='ocrx_word' id='word_1_129' title='bbox 422 704 542 740; x_wconf 85' lang='lat' dir='ltr'>adeptus</span> <span class='ocrx_word' id='word_1_130' title='bbox 563 703 671 740; x_wconf 81' lang='lat' dir='ltr'>fuerit,</span> <span class='ocrx_word' id='word_1_131' title='bbox 699 712 824 740; x_wconf 89' lang='lat' dir='ltr'>eumque</span> <span class='ocrx_word' id='word_1_132' title='bbox 851 703 885 732; x_wconf 86' lang='lat' dir='ltr'>ab</span> <span class='ocrx_word' id='word_1_133' title='bbox 913 712 999 732; x_wconf 85' lang='lat' dir='ltr'>uxore</span> <span class='ocrx_word' id='word_1_134' title='bbox 1029 704 1173 733; x_wconf 87' lang='lat' dir='ltr'>vindicare</span> <span class='ocrx_word' id='word_1_135' title='bbox 1195 705 1284 741; x_wconf 85' lang='lat' dir='ltr'>velit,</span> <span class='ocrx_word' id='word_1_136' title='bbox 1316 706 1384 735; x_wconf 87' lang='lat' dir='ltr'>huic</span> <span class='ocrx_word' id='word_1_137' title='bbox 1417 707 1532 735; x_wconf 88' lang='lat' dir='ltr'>dabitur</span> <span class='ocrx_word' id='word_1_138' title='bbox 1560 706 1692 743; x_wconf 87' lang='lat' dir='ltr'>exceptio</span> 
     </span>
     <span class='ocr_line' id='line_1_12' title="bbox 183 752 1692 794; baseline 0.003 -13"><span class='ocrx_word' id='word_1_139' title='bbox 183 752 256 781; x_wconf 75' lang='lat' dir='ltr'>Dolt&#39;</span> <span class='ocrx_word' id='word_1_140' title='bbox 273 754 371 789; x_wconf 71' lang='lat' dir='ltr'>Mali,</span> <span class='ocrx_word' id='word_1_141' title='bbox 394 763 450 790; x_wconf 90' lang='lat' dir='ltr'>qua</span> <span class='ocrx_word' id='word_1_142' title='bbox 472 754 500 783; x_wconf 88' lang='lat' dir='ltr'>in</span> <span class='ocrx_word' id='word_1_143' title='bbox 525 761 693 791; x_wconf 80' lang='lat' dir='ltr'>perpetuum</span> <span class='ocrx_word' id='word_1_144' title='bbox 714 756 810 784; x_wconf 84' lang='lat' dir='ltr'>eludet</span> <span class='ocrx_word' id='word_1_145' title='bbox 827 755 969 784; x_wconf 82' lang='lat' dir='ltr'>actionem</span> <span class='ocrx_word' id='word_1_146' title='bbox 993 755 1098 784; x_wconf 83' lang='lat' dir='ltr'>mariti.</span> <span class='ocrx_word' id='word_1_147' title='bbox 1148 756 1199 785; x_wconf 85' lang='lat' dir='ltr'>Sin</span> <span class='ocrx_word' id='word_1_148' title='bbox 1220 763 1313 786; x_wconf 88' lang='lat' dir='ltr'>autem</span> <span class='ocrx_word' id='word_1_149' title='bbox 1333 758 1396 794; x_wconf 86' lang='lat' dir='ltr'>ipsa</span> <span class='ocrx_word' id='word_1_150' title='bbox 1409 757 1529 787; x_wconf 82' lang='lat' dir='ltr'>Servum</span> <span class='ocrx_word' id='word_1_151' title='bbox 1546 757 1692 793; x_wconf 76' lang='lat' dir='ltr'>amiserit,</span> 
     </span>
     <span class='ocr_line' id='line_1_13' title="bbox 187 803 1691 846; baseline 0.003 -15"><span class='ocrx_word' id='word_1_152' title='bbox 187 803 302 832; x_wconf 83' lang='lat' dir='ltr'>habebit</span> <span class='ocrx_word' id='word_1_153' title='bbox 322 804 536 839; x_wconf 81' lang='lat' dir='ltr'>Publicianam,</span> <span class='ocrx_word' id='word_1_154' title='bbox 567 806 702 840; x_wconf 88' lang='lat' dir='ltr'>quoniam</span> <span class='ocrx_word' id='word_1_155' title='bbox 721 806 858 841; x_wconf 84' lang='lat' dir='ltr'>donatio,</span> <span class='ocrx_word' id='word_1_156' title='bbox 887 815 921 835; x_wconf 83' lang='lat' dir='ltr'>ex</span> <span class='ocrx_word' id='word_1_157' title='bbox 945 815 1001 842; x_wconf 88' lang='lat' dir='ltr'>qua</span> <span class='ocrx_word' id='word_1_158' title='bbox 1022 807 1141 835; x_wconf 81' lang='lat' dir='ltr'>Servum</span> <span class='ocrx_word' id='word_1_159' title='bbox 1160 807 1216 835; x_wconf 86' lang='lat' dir='ltr'>sibi</span> <span class='ocrx_word' id='word_1_160' title='bbox 1240 808 1413 845; x_wconf 77' lang='lat' dir='ltr'>acquisivit,</span> <span class='ocrx_word' id='word_1_161' title='bbox 1444 817 1487 838; x_wconf 90' lang='lat' dir='ltr'>est</span> <span class='ocrx_word' id='word_1_162' title='bbox 1505 810 1584 846; x_wconf 83' lang='lat' dir='ltr'>justa</span> <span class='ocrx_word' id='word_1_163' title='bbox 1604 813 1691 838; x_wconf 83' lang='lat' dir='ltr'>causa</span> 
     </span>
     <span class='ocr_line' id='line_1_14' title="bbox 183 854 1689 894; baseline 0.003 -12"><span class='ocrx_word' id='word_1_164' title='bbox 183 854 347 890; x_wconf 82' lang='lat' dir='ltr'>acquirendi</span> <span class='ocrx_word' id='word_1_165' title='bbox 371 864 463 884; x_wconf 85' lang='lat' dir='ltr'>rerum</span> <span class='ocrx_word' id='word_1_166' title='bbox 486 856 628 885; x_wconf 91' lang='lat' dir='ltr'>Dominii.</span> <span class='ocrx_word' id='word_1_167' title='bbox 677 856 717 884; x_wconf 90' lang='lat' dir='ltr'>Et</span> <span class='ocrx_word' id='word_1_168' title='bbox 742 856 824 884; x_wconf 82' lang='lat' dir='ltr'>datur</span> <span class='ocrx_word' id='word_1_169' title='bbox 850 856 893 884; x_wconf 92' lang='lat' dir='ltr'>illi</span> <span class='ocrx_word' id='word_1_170' title='bbox 923 857 992 884; x_wconf 87' lang='lat' dir='ltr'>haec</span> <span class='ocrx_word' id='word_1_171' title='bbox 1018 856 1111 891; x_wconf 86' lang='lat' dir='ltr'>actio,</span> <span class='ocrx_word' id='word_1_172' title='bbox 1139 865 1199 886; x_wconf 89' lang='lat' dir='ltr'>non</span> <span class='ocrx_word' id='word_1_173' title='bbox 1219 859 1313 886; x_wconf 89' lang='lat' dir='ltr'>solum</span> <span class='ocrx_word' id='word_1_174' title='bbox 1336 860 1473 888; x_wconf 89' lang='lat' dir='ltr'>adversus</span> <span class='ocrx_word' id='word_1_175' title='bbox 1492 861 1689 894; x_wconf 79' lang='lat' dir='ltr'>Extraneum‚</span> 
     </span>
     <span class='ocr_line' id='line_1_15' title="bbox 181 905 1565 943; baseline 0.003 -10"><span class='ocrx_word' id='word_1_176' title='bbox 181 905 231 933; x_wconf 82' lang='lat' dir='ltr'>sed</span> <span class='ocrx_word' id='word_1_177' title='bbox 252 911 280 934; x_wconf 89' lang='lat' dir='ltr'>et</span> <span class='ocrx_word' id='word_1_178' title='bbox 301 907 436 936; x_wconf 85' lang='lat' dir='ltr'>adversus</span> <span class='ocrx_word' id='word_1_179' title='bbox 458 909 623 937; x_wconf 85' lang='lat' dir='ltr'>donatorem</span> <span class='ocrx_word' id='word_1_180' title='bbox 644 907 803 942; x_wconf 79' lang='lat' dir='ltr'>Maritum,</span> <span class='ocrx_word' id='word_1_181' title='bbox 826 907 892 935; x_wconf 89' lang='lat' dir='ltr'>licet</span> <span class='ocrx_word' id='word_1_182' title='bbox 913 907 937 935; x_wconf 90' lang='lat' dir='ltr'>is</span> <span class='ocrx_word' id='word_1_183' title='bbox 961 914 1062 943; x_wconf 88' lang='lat' dir='ltr'>postea</span> <span class='ocrx_word' id='word_1_184' title='bbox 1082 907 1226 937; x_wconf 89' lang='lat' dir='ltr'>Dominus</span> <span class='ocrx_word' id='word_1_185' title='bbox 1248 908 1331 937; x_wconf 89' lang='lat' dir='ltr'>Servi</span> <span class='ocrx_word' id='word_1_186' title='bbox 1350 908 1446 938; x_wconf 89' lang='lat' dir='ltr'>factus</span> <span class='ocrx_word' id='word_1_187' title='bbox 1467 909 1565 937; x_wconf 86' lang='lat' dir='ltr'>fuerit.</span> 
     </span>
     <span class='ocr_line' id='line_1_16' title="bbox 217 956 1693 996; baseline 0.002 -11"><span class='ocrx_word' id='word_1_188' title='bbox 217 956 355 993; x_wconf 86' lang='lat' dir='ltr'>Sequitur</span> <span class='ocrx_word' id='word_1_189' title='bbox 377 959 406 994; x_wconf 82' lang='lat'>§.</span> <span class='ocrx_word' id='word_1_190' title='bbox 427 960 452 987; x_wconf 87' lang='lat' dir='ltr'>is</span> <span class='ocrx_word' id='word_1_191' title='bbox 474 960 523 987; x_wconf 76' lang='grc' dir='ltr'>σω·</span> <span class='ocrx_word' id='word_1_192' title='bbox 545 968 580 988; x_wconf 80' lang='lat' dir='ltr'>ex</span> <span class='ocrx_word' id='word_1_193' title='bbox 600 959 790 987; x_wconf 78' lang='lat' dir='ltr'>Trebelliano.</span> <span class='ocrx_word' id='word_1_194' title='bbox 838 959 882 987; x_wconf 90' lang='lat' dir='ltr'>De</span> <span class='ocrx_word' id='word_1_195' title='bbox 911 958 967 987; x_wconf 90' lang='lat' dir='ltr'>hoc</span> <span class='ocrx_word' id='word_1_196' title='bbox 986 958 1043 995; x_wconf 82' lang='lat' dir='ltr'>jam</span> <span class='ocrx_word' id='word_1_197' title='bbox 1070 967 1158 995; x_wconf 87' lang='lat' dir='ltr'>supra</span> <span class='ocrx_word' id='word_1_198' title='bbox 1188 959 1218 988; x_wconf 92' lang='lat' dir='ltr'>in</span> <span class='ocrx_word' id='word_1_199' title='bbox 1249 959 1435 996; x_wconf 87' lang='lat' dir='ltr'>quaestione,</span> <span class='ocrx_word' id='word_1_200' title='bbox 1465 968 1502 988; x_wconf 86' lang='lat' dir='ltr'>an</span> <span class='ocrx_word' id='word_1_201' title='bbox 1522 958 1606 990; x_wconf 87' lang='lat' dir='ltr'>etiam</span> <span class='ocrx_word' id='word_1_202' title='bbox 1628 965 1693 989; x_wconf 86' lang='lat' dir='ltr'>ante</span> 
     </span>
     <span class='ocr_line' id='line_1_17' title="bbox 179 1007 1692 1046; baseline 0.003 -10"><span class='ocrx_word' id='word_1_203' title='bbox 179 1007 376 1038; x_wconf 88' lang='lat' dir='ltr'>Traditionem</span> <span class='ocrx_word' id='word_1_204' title='bbox 394 1010 560 1039; x_wconf 81' lang='lat' dir='ltr'>Publiciana</span> <span class='ocrx_word' id='word_1_205' title='bbox 581 1010 678 1046; x_wconf 84' lang='lat' dir='ltr'>detur,</span> <span class='ocrx_word' id='word_1_206' title='bbox 700 1019 734 1039; x_wconf 86' lang='lat' dir='ltr'>ex</span> <span class='ocrx_word' id='word_1_207' title='bbox 753 1010 788 1038; x_wconf 91' lang='lat' dir='ltr'>iis</span> <span class='ocrx_word' id='word_1_208' title='bbox 813 1009 926 1046; x_wconf 81' lang='lat' dir='ltr'>causis,</span> <span class='ocrx_word' id='word_1_209' title='bbox 947 1019 981 1038; x_wconf 82' lang='lat' dir='ltr'>ex</span> <span class='ocrx_word' id='word_1_210' title='bbox 1004 1010 1112 1046; x_wconf 89' lang='lat' dir='ltr'>quibus</span> <span class='ocrx_word' id='word_1_211' title='bbox 1132 1010 1303 1039; x_wconf 89' lang='lat' dir='ltr'>Dominium</span> <span class='ocrx_word' id='word_1_212' title='bbox 1327 1011 1390 1040; x_wconf 92' lang='lat' dir='ltr'>sine</span> <span class='ocrx_word' id='word_1_213' title='bbox 1409 1010 1579 1040; x_wconf 87' lang='lat' dir='ltr'>Traditione</span> <span class='ocrx_word' id='word_1_214' title='bbox 1600 1017 1692 1040; x_wconf 83' lang='lat' dir='ltr'>trans·</span> 
     </span>
     <span class='ocr_line' id='line_1_18' title="bbox 178 1057 1690 1099; baseline 0.003 -12"><span class='ocrx_word' id='word_1_215' title='bbox 178 1057 282 1088; x_wconf 87' lang='lat' dir='ltr'>fertur.</span> <span class='ocrx_word' id='word_1_216' title='bbox 322 1060 422 1090; x_wconf 93' lang='lat' dir='ltr'>Locus</span> <span class='ocrx_word' id='word_1_217' title='bbox 446 1062 500 1091; x_wconf 87' lang='lat' dir='ltr'>iste</span> <span class='ocrx_word' id='word_1_218' title='bbox 519 1070 596 1091; x_wconf 89' lang='lat' dir='ltr'>nunc</span> <span class='ocrx_word' id='word_1_219' title='bbox 618 1063 694 1091; x_wconf 86' lang='lat' dir='ltr'>haud</span> <span class='ocrx_word' id='word_1_220' title='bbox 717 1063 899 1099; x_wconf 85' lang='lat' dir='ltr'>repetendus.</span> <span class='ocrx_word' id='word_1_221' title='bbox 945 1061 1002 1090; x_wconf 89' lang='lat' dir='ltr'>Sed</span> <span class='ocrx_word' id='word_1_222' title='bbox 1022 1063 1158 1097; x_wconf 88' lang='lat' dir='ltr'>quaedam</span> <span class='ocrx_word' id='word_1_223' title='bbox 1182 1062 1275 1091; x_wconf 85' lang='lat' dir='ltr'>adhuc</span> <span class='ocrx_word' id='word_1_224' title='bbox 1299 1062 1439 1091; x_wconf 89' lang='lat' dir='ltr'>monenda</span> <span class='ocrx_word' id='word_1_225' title='bbox 1462 1068 1532 1091; x_wconf 88' lang='lat' dir='ltr'>sunt</span> <span class='ocrx_word' id='word_1_226' title='bbox 1559 1062 1593 1091; x_wconf 88' lang='lat' dir='ltr'>de</span> <span class='ocrx_word' id='word_1_227' title='bbox 1621 1062 1690 1097; x_wconf 85' lang='lat' dir='ltr'>ipso</span> 
     </span>
     <span class='ocr_line' id='line_1_19' title="bbox 177 1110 1688 1156; baseline 0.001 -17"><span class='ocrx_word' id='word_1_228' title='bbox 177 1110 260 1140; x_wconf 90' lang='lat' dir='ltr'>SCto</span> <span class='ocrx_word' id='word_1_229' title='bbox 282 1111 476 1142; x_wconf 88' lang='lat' dir='ltr'>Trebelliano.</span> <span class='ocrx_word' id='word_1_230' title='bbox 518 1113 629 1143; x_wconf 88' lang='lat' dir='ltr'>Notum</span> <span class='ocrx_word' id='word_1_231' title='bbox 652 1119 711 1149; x_wconf 83' lang='lat' dir='ltr'>est,</span> <span class='ocrx_word' id='word_1_232' title='bbox 733 1113 771 1156; x_wconf 70' lang='lat' dir='ltr'>ita</span> <span class='ocrx_word' id='word_1_233' title='bbox 787 1114 886 1142; x_wconf 86' lang='lat' dir='ltr'>vocari</span> <span class='ocrx_word' id='word_1_234' title='bbox 905 1113 1017 1142; x_wconf 89' lang='lat' dir='ltr'>SCtum</span> <span class='ocrx_word' id='word_1_235' title='bbox 1042 1112 1152 1142; x_wconf 81' lang='lat' dir='ltr'>factum</span> <span class='ocrx_word' id='word_1_236' title='bbox 1169 1114 1324 1150; x_wconf 87' lang='lat' dir='ltr'>imperante</span> <span class='ocrx_word' id='word_1_237' title='bbox 1345 1114 1480 1150; x_wconf 76' lang='lat' dir='ltr'>Nerone,</span> <span class='ocrx_word' id='word_1_238' title='bbox 1502 1113 1688 1143; x_wconf 87' lang='lat' dir='ltr'>Consulibus</span> 
     </span>
     <span class='ocr_line' id='line_1_20' title="bbox 176 1160 1691 1202; baseline 0.001 -12"><span class='ocrx_word' id='word_1_239' title='bbox 176 1162 300 1192; x_wconf 83' lang='lat' dir='ltr'>Annaeo</span> <span class='ocrx_word' id='word_1_240' title='bbox 327 1164 434 1193; x_wconf 73' lang='lat' dir='ltr'>Seneca</span> <span class='ocrx_word' id='word_1_241' title='bbox 461 1160 489 1193; x_wconf 64' lang='lat' dir='ltr'>e&#39;t</span> <span class='ocrx_word' id='word_1_242' title='bbox 517 1164 657 1194; x_wconf 75' lang='lat' dir='ltr'>Trebellio</span> <span class='ocrx_word' id='word_1_243' title='bbox 677 1165 829 1200; x_wconf 71' lang='lat' dir='ltr'>Maximo,</span> <span class='ocrx_word' id='word_1_244' title='bbox 857 1165 891 1193; x_wconf 91' lang='lat' dir='ltr'>de</span> <span class='ocrx_word' id='word_1_245' title='bbox 913 1165 977 1193; x_wconf 90' lang='lat' dir='ltr'>fidei</span> <span class='ocrx_word' id='word_1_246' title='bbox 999 1165 1191 1194; x_wconf 79' lang='lat' dir='ltr'>commissarIa</span> <span class='ocrx_word' id='word_1_247' title='bbox 1216 1165 1397 1202; x_wconf 60' lang='lat' dir='ltr'>Hei-editae,</span> <span class='ocrx_word' id='word_1_248' title='bbox 1424 1165 1555 1201; x_wconf 90' lang='lat' dir='ltr'>illudque</span> <span class='ocrx_word' id='word_1_249' title='bbox 1578 1165 1691 1193; x_wconf 88' lang='lat' dir='ltr'>SCtum</span> 
     </span>
     <span class='ocr_line' id='line_1_21' title="bbox 174 1215 1688 1254; baseline 0 -12"><span class='ocrx_word' id='word_1_250' title='bbox 174 1215 378 1250; x_wconf 85' lang='lat' dir='ltr'>amplificatum</span> <span class='ocrx_word' id='word_1_251' title='bbox 404 1216 496 1245; x_wconf 85' lang='lat' dir='ltr'>fuisse</span> <span class='ocrx_word' id='word_1_252' title='bbox 518 1216 553 1245; x_wconf 87' lang='lat' dir='ltr'>ab</span> <span class='ocrx_word' id='word_1_253' title='bbox 575 1216 632 1245; x_wconf 88' lang='lat' dir='ltr'>alio</span> <span class='ocrx_word' id='word_1_254' title='bbox 652 1216 730 1253; x_wconf 85' lang='lat' dir='ltr'>JCto</span> <span class='ocrx_word' id='word_1_255' title='bbox 753 1216 932 1254; x_wconf 79' lang='lat' dir='ltr'>Pegasiano,</span> <span class='ocrx_word' id='word_1_256' title='bbox 953 1216 1077 1252; x_wconf 86' lang='lat' dir='ltr'>denique</span> <span class='ocrx_word' id='word_1_257' title='bbox 1097 1216 1303 1253; x_wconf 76' lang='lat' dir='ltr'>Justinianum</span> <span class='ocrx_word' id='word_1_258' title='bbox 1327 1226 1363 1246; x_wconf 82' lang='lat' dir='ltr'>ex</span> <span class='ocrx_word' id='word_1_259' title='bbox 1382 1216 1497 1246; x_wconf 88' lang='lat' dir='ltr'>duobus</span> <span class='ocrx_word' id='word_1_260' title='bbox 1519 1215 1577 1244; x_wconf 90' lang='lat' dir='ltr'>illis</span> <span class='ocrx_word' id='word_1_261' title='bbox 1597 1221 1688 1245; x_wconf 90' lang='lat' dir='ltr'>unum</span> 
     </span>
     <span class='ocr_line' id='line_1_22' title="bbox 175 1264 1690 1305; baseline 0 -13"><span class='ocrx_word' id='word_1_262' title='bbox 175 1264 295 1301; x_wconf 80' lang='lat' dir='ltr'>fecisse,</span> <span class='ocrx_word' id='word_1_263' title='bbox 318 1275 390 1302; x_wconf 87' lang='lat' dir='ltr'>quae</span> <span class='ocrx_word' id='word_1_264' title='bbox 408 1267 521 1302; x_wconf 75' lang='lat' dir='ltr'>omnia,</span> <span class='ocrx_word' id='word_1_265' title='bbox 544 1275 609 1295; x_wconf 90' lang='lat' dir='ltr'>cum</span> <span class='ocrx_word' id='word_1_266' title='bbox 632 1268 722 1304; x_wconf 81' lang='lat' dir='ltr'>magis</span> <span class='ocrx_word' id='word_1_267' title='bbox 743 1268 778 1296; x_wconf 90' lang='lat' dir='ltr'>ad</span> <span class='ocrx_word' id='word_1_268' title='bbox 794 1268 960 1297; x_wconf 83' lang='lat' dir='ltr'>historicam</span> <span class='ocrx_word' id='word_1_269' title='bbox 984 1268 1179 1305; x_wconf 85' lang='lat' dir='ltr'>cognitionem</span> <span class='ocrx_word' id='word_1_270' title='bbox 1194 1269 1285 1304; x_wconf 83' lang='lat' dir='ltr'>SCti,</span> <span class='ocrx_word' id='word_1_271' title='bbox 1308 1277 1392 1305; x_wconf 88' lang='lat' dir='ltr'>quam</span> <span class='ocrx_word' id='word_1_272' title='bbox 1417 1268 1451 1296; x_wconf 86' lang='lat' dir='ltr'>ad</span> <span class='ocrx_word' id='word_1_273' title='bbox 1470 1267 1557 1303; x_wconf 88' lang='lat' dir='ltr'>hujus</span> <span class='ocrx_word' id='word_1_274' title='bbox 1580 1265 1637 1294; x_wconf 89' lang='lat' dir='ltr'>loci</span> <span class='ocrx_word' id='word_1_275' title='bbox 1656 1265 1690 1293; x_wconf 92' lang='lat' dir='ltr'>il-</span> 
     </span>
     <span class='ocr_line' id='line_1_23' title="bbox 174 1315 1690 1357; baseline 0 -13"><span class='ocrx_word' id='word_1_276' title='bbox 174 1315 393 1352; x_wconf 78' lang='lat' dir='ltr'>lustrationem,</span> <span class='ocrx_word' id='word_1_277' title='bbox 416 1318 593 1353; x_wconf 85' lang='lat' dir='ltr'>pertineant,</span> <span class='ocrx_word' id='word_1_278' title='bbox 614 1326 630 1345; x_wconf 81' lang='lat' dir='ltr'>a</span> <span class='ocrx_word' id='word_1_279' title='bbox 648 1318 734 1347; x_wconf 90' lang='lat' dir='ltr'>nobis</span> <span class='ocrx_word' id='word_1_280' title='bbox 754 1320 858 1357; x_wconf 85' lang='lat' dir='ltr'>majore</span> <span class='ocrx_word' id='word_1_281' title='bbox 882 1329 948 1348; x_wconf 87' lang='lat' dir='ltr'>cura</span> <span class='ocrx_word' id='word_1_282' title='bbox 974 1321 1119 1349; x_wconf 77' lang='lat' dir='ltr'>tractanda</span> <span class='ocrx_word' id='word_1_283' title='bbox 1142 1329 1200 1349; x_wconf 87' lang='lat' dir='ltr'>non</span> <span class='ocrx_word' id='word_1_284' title='bbox 1222 1326 1302 1349; x_wconf 88' lang='lat' dir='ltr'>sunt.</span> <span class='ocrx_word' id='word_1_285' title='bbox 1351 1319 1428 1347; x_wconf 87' lang='lat' dir='ltr'>Illud</span> <span class='ocrx_word' id='word_1_286' title='bbox 1451 1317 1550 1354; x_wconf 87' lang='lat' dir='ltr'>potius</span> <span class='ocrx_word' id='word_1_287' title='bbox 1572 1323 1690 1345; x_wconf 85' lang='lat' dir='ltr'>monen-</span> 
     </span>
    </p>
   </div>
   <div class='ocr_carea' id='block_1_3' title="bbox 175 1367 1690 1454">
    <p class='ocr_par' dir='ltr' id='par_1_3' title="bbox 175 1367 1690 1454">
     <span class='ocr_line' id='line_1_24' title="bbox 177 1367 1690 1402; baseline -0.005 -7"><span class='ocrx_word' id='word_1_288' title='bbox 177 1367 261 1402; x_wconf 72' lang='lat' dir='ltr'>dum,</span> <span class='ocrx_word' id='word_1_289' title='bbox 287 1367 398 1395; x_wconf 72' lang='lat' dir='ltr'>I‘CStitUl</span> <span class='ocrx_word' id='word_1_290' title='bbox 426 1367 717 1395; x_wconf 71' lang='lat' dir='ltr'>fideicommissariam</span> <span class='ocrx_word' id='word_1_291' title='bbox 741 1370 932 1392; x_wconf 68' lang='lat' dir='ltr'>Hereditatem</span> <span class='ocrx_word' id='word_1_292' title='bbox 957 1381 989 1391; x_wconf 72' lang='lat' dir='ltr'>nv</span> <span class='ocrx_word' id='word_1_293' title='bbox 1012 1373 1092 1396; x_wconf 55' lang='lat' dir='ltr'>&lt;Pro</span> <span class='ocrx_word' id='word_1_294' title='bbox 1118 1371 1320 1402; x_wconf 61' lang='lat' dir='ltr'>&#39;I&#39;l-ebessiano⁹</span> <span class='ocrx_word' id='word_1_295' title='bbox 1341 1376 1400 1396; x_wconf 79' lang='lat'>11011</span> <span class='ocrx_word' id='word_1_296' title='bbox 1429 1369 1524 1396; x_wconf 75' lang='lat' dir='ltr'>solum</span> <span class='ocrx_word' id='word_1_297' title='bbox 1555 1376 1584 1395; x_wconf 81' lang='lat' dir='ltr'>re</span> <span class='ocrx_word' id='word_1_298' title='bbox 1604 1367 1690 1401; x_wconf 68' lang='lat' dir='ltr'>ipsa,</span> 
     </span>
     <span class='ocr_line' id='line_1_25' title="bbox 175 1410 1690 1454; baseline -0.003 -8"><span class='ocrx_word' id='word_1_299' title='bbox 175 1419 226 1446; x_wconf 84' lang='lat' dir='ltr'>sed</span> <span class='ocrx_word' id='word_1_300' title='bbox 242 1425 268 1446; x_wconf 83' lang='lat' dir='ltr'>et</span> <span class='ocrx_word' id='word_1_301' title='bbox 289 1418 393 1454; x_wconf 75' lang='lat' dir='ltr'>verbo3</span> <span class='ocrx_word' id='word_1_302' title='bbox 417 1418 446 1446; x_wconf 87' lang='lat' dir='ltr'>id</span> <span class='ocrx_word' id='word_1_303' title='bbox 465 1424 526 1453; x_wconf 85' lang='lat' dir='ltr'>est,</span> <span class='ocrx_word' id='word_1_304' title='bbox 546 1425 605 1446; x_wconf 91' lang='lat' dir='ltr'>non</span> <span class='ocrx_word' id='word_1_305' title='bbox 627 1414 817 1444; x_wconf 84' lang='lat' dir='ltr'>necessarium</span> <span class='ocrx_word' id='word_1_306' title='bbox 843 1421 924 1449; x_wconf 83' lang='lat' dir='ltr'>esse,</span> <span class='ocrx_word' id='word_1_307' title='bbox 944 1418 978 1440; x_wconf 89' lang='lat' dir='ltr'>ut</span> <span class='ocrx_word' id='word_1_308' title='bbox 996 1411 1165 1441; x_wconf 87' lang='lat' dir='ltr'>Dominium</span> <span class='ocrx_word' id='word_1_309' title='bbox 1187 1411 1216 1440; x_wconf 90' lang='grc'>111</span> <span class='ocrx_word' id='word_1_310' title='bbox 1238 1410 1532 1440; x_wconf 87' lang='lat' dir='ltr'>fideicommissarium</span> <span class='ocrx_word' id='word_1_311' title='bbox 1548 1417 1690 1449; x_wconf 84' lang='lat' dir='ltr'>transeat,</span> 
     </span>
    </p>
   </div>
   <div class='ocr_carea' id='block_1_4' title="bbox 172 1462 1689 1949">
    <p class='ocr_par' dir='ltr' id='par_1_4' title="bbox 172 1462 1689 1809">
     <span class='ocr_line' id='line_1_26' title="bbox 175 1462 1688 1501; baseline -0.002 -4"><span class='ocrx_word' id='word_1_312' title='bbox 175 1476 233 1497; x_wconf 85' lang='lat' dir='ltr'>rem</span> <span class='ocrx_word' id='word_1_313' title='bbox 255 1468 457 1497; x_wconf 81' lang='lat' dir='ltr'>Hereditariam</span> <span class='ocrx_word' id='word_1_314' title='bbox 482 1469 506 1497; x_wconf 89' lang='lat' dir='ltr'>ei</span> <span class='ocrx_word' id='word_1_315' title='bbox 528 1467 657 1496; x_wconf 83' lang='lat' dir='ltr'>traditam</span> <span class='ocrx_word' id='word_1_316' title='bbox 685 1465 795 1501; x_wconf 83' lang='lat' dir='ltr'>fuisse,</span> <span class='ocrx_word' id='word_1_317' title='bbox 821 1465 871 1494; x_wconf 89' lang='lat' dir='ltr'>sed</span> <span class='ocrx_word' id='word_1_318' title='bbox 891 1472 919 1493; x_wconf 91' lang='lat' dir='ltr'>et</span> <span class='ocrx_word' id='word_1_319' title='bbox 940 1464 1000 1493; x_wconf 88' lang='lat' dir='ltr'>sine</span> <span class='ocrx_word' id='word_1_320' title='bbox 1026 1463 1211 1500; x_wconf 77' lang='lat' dir='ltr'>possessione</span> <span class='ocrx_word' id='word_1_321' title='bbox 1241 1471 1305 1491; x_wconf 84' lang='lat' dir='ltr'>eum</span> <span class='ocrx_word' id='word_1_322' title='bbox 1323 1462 1480 1492; x_wconf 83' lang='lat' dir='ltr'>Dominum</span> <span class='ocrx_word' id='word_1_323' title='bbox 1503 1462 1579 1498; x_wconf 80' lang='lat' dir='ltr'>fieri,</span> <span class='ocrx_word' id='word_1_324' title='bbox 1608 1465 1688 1494; x_wconf 89' lang='lat' dir='ltr'>nudo</span> 
     </span>
     <span class='ocr_line' id='line_1_27' title="bbox 172 1514 1689 1550; baseline -0.003 -2"><span class='ocrx_word' id='word_1_325' title='bbox 172 1519 262 1548; x_wconf 90' lang='lat' dir='ltr'>verbo</span> <span class='ocrx_word' id='word_1_326' title='bbox 288 1519 407 1548; x_wconf 85' lang='lat' dir='ltr'>Heredis</span> <span class='ocrx_word' id='word_1_327' title='bbox 440 1519 560 1547; x_wconf 88' lang='lat' dir='ltr'>dicentis</span> <span class='ocrx_word' id='word_1_328' title='bbox 588 1518 721 1546; x_wconf 75' lang='lat' dir='ltr'>Restitao</span> <span class='ocrx_word' id='word_1_329' title='bbox 752 1517 805 1545; x_wconf 80' lang='lat' dir='ltr'>tibi</span> <span class='ocrx_word' id='word_1_330' title='bbox 829 1516 1042 1544; x_wconf 78' lang='lat' dir='ltr'>Hereditatem.</span> <span class='ocrx_word' id='word_1_331' title='bbox 1090 1515 1128 1543; x_wconf 88' lang='lat' dir='ltr'>Et</span> <span class='ocrx_word' id='word_1_332' title='bbox 1150 1515 1197 1542; x_wconf 89' lang='lat' dir='ltr'>hic</span> <span class='ocrx_word' id='word_1_333' title='bbox 1224 1523 1308 1543; x_wconf 83' lang='lat' dir='ltr'>casus</span> <span class='ocrx_word' id='word_1_334' title='bbox 1329 1520 1372 1542; x_wconf 87' lang='lat' dir='ltr'>est</span> <span class='ocrx_word' id='word_1_335' title='bbox 1395 1514 1481 1550; x_wconf 86' lang='lat' dir='ltr'>hujus</span> <span class='ocrx_word' id='word_1_336' title='bbox 1502 1515 1532 1550; x_wconf 83' lang='lat'>§.</span> <span class='ocrx_word' id='word_1_337' title='bbox 1572 1515 1689 1544; x_wconf 87' lang='lat' dir='ltr'>Scilicet</span> 
     </span>
     <span class='ocr_line' id='line_1_28' title="bbox 175 1565 1688 1607; baseline -0.002 -9"><span class='ocrx_word' id='word_1_338' title='bbox 175 1570 266 1599; x_wconf 85' lang='lat' dir='ltr'>Heres</span> <span class='ocrx_word' id='word_1_339' title='bbox 290 1577 406 1607; x_wconf 80' lang='lat' dir='ltr'>rogatus</span> <span class='ocrx_word' id='word_1_340' title='bbox 426 1569 614 1598; x_wconf 84' lang='lat' dir='ltr'>Hereditatem</span> <span class='ocrx_word' id='word_1_341' title='bbox 641 1568 789 1597; x_wconf 86' lang='lat' dir='ltr'>restituere</span> <span class='ocrx_word' id='word_1_342' title='bbox 810 1568 905 1602; x_wconf 80' lang='lat' dir='ltr'>Titio,</span> <span class='ocrx_word' id='word_1_343' title='bbox 928 1567 1020 1603; x_wconf 87' lang='lat' dir='ltr'>ipsam</span> <span class='ocrx_word' id='word_1_344' title='bbox 1042 1565 1066 1594; x_wconf 89' lang='lat' dir='ltr'>ei</span> <span class='ocrx_word' id='word_1_345' title='bbox 1088 1565 1159 1594; x_wconf 89' lang='lat' dir='ltr'>solis</span> <span class='ocrx_word' id='word_1_346' title='bbox 1180 1565 1275 1594; x_wconf 81' lang='lat' dir='ltr'>verbis</span> <span class='ocrx_word' id='word_1_347' title='bbox 1295 1565 1479 1601; x_wconf 78' lang='lat' dir='ltr'>restituerat,</span> <span class='ocrx_word' id='word_1_348' title='bbox 1508 1575 1567 1594; x_wconf 90' lang='lat' dir='ltr'>non</span> <span class='ocrx_word' id='word_1_349' title='bbox 1593 1573 1688 1595; x_wconf 87' lang='lat' dir='ltr'>autem</span> 
     </span>
     <span class='ocr_line' id='line_1_29' title="bbox 174 1616 1687 1654; baseline -0.003 -5"><span class='ocrx_word' id='word_1_350' title='bbox 174 1622 201 1649; x_wconf 84' lang='lat' dir='ltr'>ei</span> <span class='ocrx_word' id='word_1_351' title='bbox 225 1631 269 1650; x_wconf 79' lang='lat' dir='ltr'>tes</span> <span class='ocrx_word' id='word_1_352' title='bbox 294 1621 484 1650; x_wconf 83' lang='lat' dir='ltr'>Hereditarias</span> <span class='ocrx_word' id='word_1_353' title='bbox 506 1620 671 1649; x_wconf 84' lang='lat' dir='ltr'>reddiderat.</span> <span class='ocrx_word' id='word_1_354' title='bbox 719 1619 882 1654; x_wconf 88' lang='lat' dir='ltr'>Antequam</span> <span class='ocrx_word' id='word_1_355' title='bbox 906 1624 998 1646; x_wconf 86' lang='lat' dir='ltr'>autem</span> <span class='ocrx_word' id='word_1_356' title='bbox 1028 1626 1122 1646; x_wconf 83' lang='lat' dir='ltr'>earum</span> <span class='ocrx_word' id='word_1_357' title='bbox 1155 1617 1370 1653; x_wconf 87' lang='lat' dir='ltr'>possessionem</span> <span class='ocrx_word' id='word_1_358' title='bbox 1405 1623 1506 1645; x_wconf 83' lang='lat' dir='ltr'>nactus</span> <span class='ocrx_word' id='word_1_359' title='bbox 1530 1616 1620 1645; x_wconf 77' lang='lat' dir='ltr'>suerat</span> <span class='ocrx_word' id='word_1_360' title='bbox 1641 1617 1687 1645; x_wconf 74' lang='lat' dir='ltr'>Ti-</span> 
     </span>
     <span class='ocr_line' id='line_1_30' title="bbox 178 1668 1688 1708; baseline -0.003 -7"><span class='ocrx_word' id='word_1_361' title='bbox 178 1673 252 1706; x_wconf 73' lang='lat' dir='ltr'>tias,</span> <span class='ocrx_word' id='word_1_362' title='bbox 275 1679 318 1698; x_wconf 80' lang='lat' dir='ltr'>res</span> <span class='ocrx_word' id='word_1_363' title='bbox 339 1673 374 1697; x_wconf 78' lang='lat' dir='ltr'>ad</span> <span class='ocrx_word' id='word_1_364' title='bbox 393 1672 480 1700; x_wconf 83' lang='lat' dir='ltr'>alium</span> <span class='ocrx_word' id='word_1_365' title='bbox 501 1677 697 1708; x_wconf 79' lang='lat' dir='ltr'>pervenerant.</span> <span class='ocrx_word' id='word_1_366' title='bbox 745 1669 947 1698; x_wconf 85' lang='lat' dir='ltr'>Nihilominus</span> <span class='ocrx_word' id='word_1_367' title='bbox 969 1669 994 1698; x_wconf 92' lang='lat' dir='ltr'>ei</span> <span class='ocrx_word' id='word_1_368' title='bbox 1011 1675 1170 1705; x_wconf 81' lang='lat' dir='ltr'>competere</span> <span class='ocrx_word' id='word_1_369' title='bbox 1184 1668 1376 1697; x_wconf 77' lang='lat' dir='ltr'>Publicianam</span> <span class='ocrx_word' id='word_1_370' title='bbox 1400 1675 1496 1697; x_wconf 82' lang='lat' dir='ltr'>monet</span> <span class='ocrx_word' id='word_1_371' title='bbox 1511 1668 1625 1705; x_wconf 70' lang='lat' dir='ltr'>JCms,</span> <span class='ocrx_word' id='word_1_372' title='bbox 1654 1669 1688 1697; x_wconf 88' lang='lat' dir='ltr'>li-</span> 
     </span>
     <span class='ocr_line' id='line_1_31' title="bbox 177 1719 1687 1758; baseline -0.003 -7"><span class='ocrx_word' id='word_1_373' title='bbox 177 1729 223 1751; x_wconf 86' lang='lat' dir='ltr'>cet</span> <span class='ocrx_word' id='word_1_374' title='bbox 242 1720 454 1758; x_wconf 78' lang='lat' dir='ltr'>possessionem</span> <span class='ocrx_word' id='word_1_375' title='bbox 478 1724 604 1749; x_wconf 80' lang='lat' dir='ltr'>noudum</span> <span class='ocrx_word' id='word_1_376' title='bbox 629 1723 731 1751; x_wconf 79' lang='lat' dir='ltr'>nactus</span> <span class='ocrx_word' id='word_1_377' title='bbox 753 1720 850 1750; x_wconf 83' lang='lat' dir='ltr'>fuerit.</span> <span class='ocrx_word' id='word_1_378' title='bbox 891 1720 978 1749; x_wconf 85' lang='lat' dir='ltr'>Ratio</span> <span class='ocrx_word' id='word_1_379' title='bbox 1003 1721 1077 1749; x_wconf 88' lang='lat' dir='ltr'>enim</span> <span class='ocrx_word' id='word_1_380' title='bbox 1101 1727 1161 1755; x_wconf 76' lang='lat' dir='ltr'>est,</span> <span class='ocrx_word' id='word_1_381' title='bbox 1190 1721 1269 1756; x_wconf 80' lang='lat' dir='ltr'>quod</span> <span class='ocrx_word' id='word_1_382' title='bbox 1295 1729 1328 1748; x_wconf 82' lang='lat' dir='ltr'>ex</span> <span class='ocrx_word' id='word_1_383' title='bbox 1354 1720 1533 1748; x_wconf 75' lang='lat' dir='ltr'>Trebelliano</span> <span class='ocrx_word' id='word_1_384' title='bbox 1556 1719 1687 1747; x_wconf 84' lang='lat' dir='ltr'>restituta</span> 
     </span>
     <span class='ocr_line' id='line_1_32' title="bbox 179 1767 1685 1809; baseline -0.003 -7"><span class='ocrx_word' id='word_1_385' title='bbox 179 1774 360 1808; x_wconf 75' lang='lat' dir='ltr'>l-Iereditate⁷</span> <span class='ocrx_word' id='word_1_386' title='bbox 386 1771 555 1800; x_wconf 88' lang='lat' dir='ltr'>Dominium</span> <span class='ocrx_word' id='word_1_387' title='bbox 580 1771 645 1808; x_wconf 86' lang='lat' dir='ltr'>ipso</span> <span class='ocrx_word' id='word_1_388' title='bbox 664 1772 728 1809; x_wconf 84' lang='lat' dir='ltr'>jure</span> <span class='ocrx_word' id='word_1_389' title='bbox 749 1772 850 1800; x_wconf 88' lang='lat' dir='ltr'>transit</span> <span class='ocrx_word' id='word_1_390' title='bbox 872 1772 901 1801; x_wconf 90' lang='grc'>111</span> <span class='ocrx_word' id='word_1_391' title='bbox 917 1771 1276 1806; x_wconf 82' lang='lat' dir='ltr'>Fidei—Commissarium‚</span> <span class='ocrx_word' id='word_1_392' title='bbox 1299 1771 1377 1800; x_wconf 83' lang='lat' dir='ltr'>nulla</span> <span class='ocrx_word' id='word_1_393' title='bbox 1401 1771 1465 1797; x_wconf 72' lang='lat' dir='ltr'>licet</span> <span class='ocrx_word' id='word_1_394' title='bbox 1483 1767 1685 1797; x_wconf 85' lang='lat' dir='ltr'>interveniente</span> 
     </span>
    </p>

    <p class='ocr_par' dir='ltr' id='par_1_5' title="bbox 181 1824 1685 1949">
     <span class='ocr_line' id='line_1_33' title="bbox 181 1824 462 1862; baseline -0.007 -8"><span class='ocrx_word' id='word_1_395' title='bbox 181 1825 348 1854; x_wconf 77' lang='lat' dir='ltr'>Traditione</span> <span class='ocrx_word' id='word_1_396' title='bbox 368 1824 424 1860; x_wconf 81' lang='lat'>(38</span> <span class='ocrx_word' id='word_1_397' title='bbox 435 1825 462 1862; x_wconf 87' lang='lat'>).</span> 
     </span>
     <span class='ocr_line' id='line_1_34' title="bbox 215 1869 1684 1911; baseline -0.005 -6"><span class='ocrx_word' id='word_1_398' title='bbox 215 1875 380 1905; x_wconf 79' lang='lat' dir='ltr'>Publiciana</span> <span class='ocrx_word' id='word_1_399' title='bbox 401 1883 460 1904; x_wconf 88' lang='lat' dir='ltr'>non</span> <span class='ocrx_word' id='word_1_400' title='bbox 478 1875 579 1910; x_wconf 73' lang='lat' dir='ltr'>datur,</span> <span class='ocrx_word' id='word_1_401' title='bbox 610 1873 667 1903; x_wconf 86' lang='lat' dir='ltr'>nisi</span> <span class='ocrx_word' id='word_1_402' title='bbox 688 1874 722 1904; x_wconf 87' lang='lat' dir='ltr'>de</span> <span class='ocrx_word' id='word_1_403' title='bbox 741 1874 825 1903; x_wconf 84' lang='lat' dir='ltr'>rebus</span> <span class='ocrx_word' id='word_1_404' title='bbox 846 1883 919 1911; x_wconf 84' lang='lat' dir='ltr'>quae</span> <span class='ocrx_word' id='word_1_405' title='bbox 941 1873 1061 1911; x_wconf 85' lang='lat' dir='ltr'>usucapi</span> <span class='ocrx_word' id='word_1_406' title='bbox 1082 1879 1227 1911; x_wconf 80' lang='lat' dir='ltr'>possunt3</span> <span class='ocrx_word' id='word_1_407' title='bbox 1256 1881 1320 1903; x_wconf 84' lang='lat' dir='ltr'>nam</span> <span class='ocrx_word' id='word_1_408' title='bbox 1343 1881 1376 1903; x_wconf 86' lang='lat' dir='ltr'>eo</span> <span class='ocrx_word' id='word_1_409' title='bbox 1399 1872 1496 1902; x_wconf 85' lang='lat' dir='ltr'>colore</span> <span class='ocrx_word' id='word_1_410' title='bbox 1523 1879 1582 1900; x_wconf 83' lang='lat' dir='ltr'>eam</span> <span class='ocrx_word' id='word_1_411' title='bbox 1602 1869 1684 1898; x_wconf 86' lang='lat' dir='ltr'>insti-</span> 
     </span>
     <span class='ocr_line' id='line_1_35' title="bbox 1628 1927 1685 1949; baseline 0 0"><span class='ocrx_word' id='word_1_412' title='bbox 1628 1927 1685 1949; x_wconf 83' lang='grc'>1111-</span> 
     </span>
    </p>
   </div>
   <div class='ocr_carea' id='block_1_5' title="bbox 202 1991 826 2022">
    <p class='ocr_par' dir='ltr' id='par_1_6' title="bbox 202 1991 826 2022">
     <span class='ocr_line' id='line_1_36' title="bbox 202 1991 826 2022; baseline -0.003 -6"><span class='ocrx_word' id='word_1_413' title='bbox 202 1991 268 2022; x_wconf 65' lang='grc'>(38)</span> <span class='ocrx_word' id='word_1_414' title='bbox 283 1993 349 2016; x_wconf 62' lang='lat' dir='ltr'>Nauae</span> <span class='ocrx_word' id='word_1_415' title='bbox 365 1991 392 2014; x_wconf 75' lang='lat' dir='ltr'>ad</span> <span class='ocrx_word' id='word_1_416' title='bbox 405 1992 426 2015; x_wconf 87' lang='lat' dir='ltr'>b.</span> <span class='ocrx_word' id='word_1_417' title='bbox 443 1992 470 2015; x_wconf 82' lang='lat' dir='ltr'>T.</span> <span class='ocrx_word' id='word_1_418' title='bbox 482 1991 511 2020; x_wconf 84' lang='lat' dir='ltr'>ff.</span> <span class='ocrx_word' id='word_1_419' title='bbox 539 1992 591 2019; x_wconf 74' lang='grc' dir='ltr'><em>ᾼηΙ.</em></span> <span class='ocrx_word' id='word_1_420' title='bbox 608 1991 672 2015; x_wconf 72' lang='lat' dir='ltr'>Faber</span> <span class='ocrx_word' id='word_1_421' title='bbox 686 1991 714 2014; x_wconf 64' lang='grc' dir='ltr'>αλ</span> <span class='ocrx_word' id='word_1_422' title='bbox 724 1992 745 2015; x_wconf 79' lang='lat' dir='ltr'>h·</span> <span class='ocrx_word' id='word_1_423' title='bbox 763 1991 786 2014; x_wconf 85' lang='lat' dir='ltr'>T.</span> <span class='ocrx_word' id='word_1_424' title='bbox 798 1991 826 2020; x_wconf 65' lang='lat' dir='ltr'>ff!</span> 
     </span>
    </p>
   </div>
   <div class='ocr_carea' id='block_1_6' title="bbox 1889 1333 1940 2474">
    <p class='ocr_par' dir='ltr' id='par_1_7' title="bbox 1889 1333 1940 2474">
     <span class='ocr_line' id='line_1_37' title="bbox 1889 1333 1940 2474; baseline 0 0"><span class='ocrx_word' id='word_1_425' title='bbox 1889 1333 1940 2474; x_wconf 95' lang='lat' dir='ltr'> </span> 
     </span>
    </p>
   </div>
  </div>
 </body>
</html>
