1960 2500
668 159 1134 199 ORATIQ
1605 172 1659 207 65

135 263 194 309 vi,
223 261 370 310 suspexi
394 268 427 297 et
453 266 646 297 veneratus
671 272 763 296 sum.
815 257 864 295 Et
889 258 1049 294 assiduis
1075 258 1238 306 ipsorum
1263 262 1316 298 rei
1336 261 1572 303 Academicae
1589 267 1645 310 ἰῑι-1

128 325 314 362 serviendi
333 323 523 360 conatibus
541 335 680 358 summa
699 322 771 357 Dei
787 333 872 370 erga
891 335 957 358 nos
976 322 1182 371 benignitas
1199 327 1339 364 annuit.

181 386 345 435 Propitio
371 398 455 434 ergo
480 383 586 419 nobis
617 383 799 430 Numine,
827 385 946 432 patria
969 384 1139 420 incolumi
1168 394 1200 421 et
1227 386 1369 424 firmata
1393 401 1482 437 pace
1499 401 1533 427 et
1548 378 1650 431 trane

130 449 317 499 quillitate
343 448 517 497 publica,
546 445 768 482 efflorescens
794 446 863 482 hoc
890 459 984 482 anno
1007 447 1076 490 fujt
1096 448 1313 484 Academiae
1343 459 1459 486 status
1469 480 1481 497 ,
1509 466 1574 489 nec
1591 468 1651 490 so-

131 511 210 547 lum
234 512 380 559 pristini
402 510 534 546 sensim
560 510 730 557 temporis
753 509 965 545 detrimenta
985 512 1183 558 resarcita,
1212 511 1275 547 sed
1302 524 1362 548 res
1388 522 1536 560 nostrae
1552 517 1649 553 mul-

128 573 180 609 tiS
196 572 313 608 modis
337 582 462 610 auctae
478 581 512 608 et
529 570 770 620 amplificatae
787 579 883 608 sunt.

178 635 321 672 Auctns
349 645 402 672 est
424 635 492 672 hoc
515 647 609 671 anno
625 634 845 682 ‚docentium
873 646 1068 681 numerus,
1097 636 1134 671 in
1161 634 1357 672 Lectorum
1388 637 1563 675 Ordinem
1589 654 1649 678 re-

129 699 240 746 ceptis
259 699 299 745 in
321 711 386 734 suo
404 711 547 747 quoque
564 710 693 747 genere
712 698 947 746 peritissimis
972 705 1005 732 et
1025 698 1272 746 sagacissimis
1294 699 1409 745 viris,
1437 711 1648 739 RoUPPIo

124 767 164 795 et
189 770 390 797 ΚΑΜΡΙο,
444 760 502 796 Ex
525 761 572 795 iis
586 788 598 806 ,
628 761 693 809 qui
714 773 806 796 anno
828 761 972 795 ineunte
991 761 1029 795 in
1051 759 1182 796 civium
1202 761 1367 809 catalogo
1387 764 1555 799 recensiti
1584 772 1647 802 aut

123 829 251 870 postea
273 822 352 858 illis
369 821 544 869 adscripti
564 830 671 868 sunt,
698 821 897 857 nonnullos
927 829 961 857 et
990 821 1106 857 bonae
1135 823 1280 871 quidem
1301 832 1406 859 notae
1434 833 1467 860 et
1494 826 1648 873 optimae

125 883 205 931 spei
232 883 385 930 juvenes
412 897 510 920 mors
538 885 746 932 importuna
771 884 956 933 abripuit,
984 892 1018 920 et
1042 892 1167 921 nostro
1193 894 1226 922 et
1249 895 1440 935 parentum
1466 888 1589 923 dolore
1611 896 1645 926 et

123 945 315 982 litexarum
338 947 496 993 =damn03
521 947 630 982 multi
659 948 850 995 impetrato
867 947 1039 982 Doctoris
1071 948 1188 995 gradu
1216 948 1433 984 Academiae
1460 950 1647 986 valedixe-

119 1012 232 1054 runt,
258 1021 323 1044 nec
344 1016 464 1044 tamen
481 1009 717 1053 imminutus,
742 1009 814 1044 imo
836 1017 973 1043 vauctus
999 1015 1052 1043 est
1079 1010 1216 1045 civium
1235 1022 1437 1056 numerus,
1465 1012 1531 1060 qui
1548 1013 1646 1050 Aca-

120 1068 278 1106 demiam
299 1079 453 1116 ornant,
481 1083 563 1106 cum
579 1071 717 1106 ‘harum
741 1071 929 1119 regionum
952 1070 1113 1116 incolae,
1139 1077 1218 1105 tum
1234 1072 1362 1108 exteri.

168 1130 309 1167 Rerum
342 1132 585 1177 pretiosarum
623 1139 657 1166 et
683 1132 888 1176 rariorum,
917 1144 1012 1179 quae
1040 1132 1223 1167 illustrem
1251 1132 1346 1168 hanc
1376 1134 1493 1169 omnis
1519 1134 1649 1171 huma-

116 1192 246 1228 nitatis
269 1191 389 1230 sedem
409 1198 480 1228 non
498 1193 618 1229 solum
641 1192 751 1229 valde
774 1193 1037 1238 condecorant,
1066 1192 1131 1228 sed
1157 1193 1204 1229 ad
1233 1194 1481 1242 quarumlibet
1513 1196 1648 1231 artium

116 1263 159 1291 ‘et
177 1255 406 1290 scientiarum
433 1255 553 1291 studia
579 1255 767 1291 excitanda
792 1264 826 1291 et
857 1254 1113 1303 amplificanda
1141 1256 1319 1291 maximos
1346 1264 1381 1292 et
1398 1257 1470 1292 late
1485 1265 1649 1305 patentes

112 1324 307 1365 praestant
326 1329 415 1353 usus
427 1345 438 1363 ,
462 1318 592 1354 eximia
608 1318 891 1354 lectissimarum
909 1318 1147 1366 picturarum
1159 1319 1262 1366 copia
1272 1346 1285 1363 ‚
1306 1331 1350 1353 ex
1367 1319 1554 1355 voluntate
1571 1332 1648 1355 am-

119 1379 277 1427 plissimi
301 1379 379 1415 viri
404 1392 510 1416 JANI
534 1386 798 1417 Tfln'onoiu
825 1390 1042 1425 nouem,
1075 1379 1294 1416 Academiae
1322 1379 1416 1415 dono
1441 1379 1546 1423 data,
1574 1392 1644 1414 nu-

119 1450 185 1488 per
206 1442 396 1490 insigniter
427 1451 556 1478 auctus
583 1451 636 1479 est
662 1442 896 1482 thesaur-us„
927 1440 1013 1483 Non
1036 1441 1098 1483 diu
1120 1449 1225 1487 ante,
1253 1439 1429 1477 benevolo
1450 1441 1561 1489 Regis
1582 1441 1644 1476 de-

121 1510 242 1547 creto,
263 1511 418 1550 augusta
434 1503 502 1538 illa
521 1504 566 1539 ad
579 1505 744 1541 veritatis
763 1503 957 1552 imaginem
973 1501 1086 1538 efficta
1102 1502 1176 1538 huc
1194 1502 1371 1539 translata
1390 1511 1474 1538 sunt
1495 1502 1644 1538 simula-

120 1575 204 1610 cra,
232 1565 267 1600 in
286 1564 422 1613 quibu‘s
442 1578 546 1601 nemo
565 1578 641 1601 non,
651 1566 764 1614 paulo
784 1565 950 1605 cultioris
969 1564 1104 1613 ingenii
1123 1573 1324 1612 spectator,
1347 1574 1388 1601 ut
1406 1563 1643 1601 adumbrato-

121 1638 201 1663 rum
218 1626 380 1662 Deorum
399 1627 614 1664 lineamenta
643 1636 676 1663 et
700 1627 860 1672 formas,
882 1628 939 1665 ¹ita
964 1634 1000 1662 et
1026 1626 1187 1663 divinam
1217 1626 1394 1663 artificum
1414 1627 1547 1675 ingenii
1567 1627 1640 1665 vim

111 1687 345 1724 vehementer
369 1689 588 1726 admiratur.
641 1690 690 1726 Et
713 1689 832 1728 multa
859 1688 959 1735 alia,
987 1701 1131 1724 summa
1157 1689 1320 1735 ejusdem
1342 1688 1584 1724 munificentia
1605 1693 1640 1723 et

119 1757 269 1797 paterna
301 1763 387 1800 erga
416 1764 483 1787 nos
512 1764 619 1798 cura,
649 1759 891 1792 accesserunt,
938 1750 1197 1793 ,Bibliothecae
1223 1751 1479 1796 Academicae‚
1507 1762 1639 1798 quam-

116 1822 228 1859 quam
250 1813 622 1861 exquisitissimorum
653 1813 995 1854 l1broru1n·djvitiis
1020 1814 1094 1861 jam
1111 1814 1251 1862 pridem
1270 1812 1495 1857 celebratae,
1520 1811 1635 1846 multa

112 1872 241 1909 adhuc
255 1874 426 1921 deerant,
441 1876 630 1925 ejusque,
657 1876 867 1913 durissimis
886 1876 987 1922 illis,
1015 1877 1080 1925 qui
1100 1884 1390 1920 antecesserunt,
1412 1875 1538 1918 anm'S,
1564 1874 1632 1907 im-

120 1935 259 1971 minuta
279 1944 358 1971 erat
375 1950 476 1974 cura.
529 1939 602 1975 Sed
625 1940 739 1989 Regis
756 1938 1008 1976 benevolentia
1024 1952 1095 1975 non
1122 1939 1281 1988 singulis
1305 1937 1424 1974 solum
1442 1935 1631 1971 Professo-

120 2006 202 2033 rum
224 1997 431 2035 Ordinibus
455 2000 631 2049 insignem
657 2002 704 2039 ad
726 2003 842 2041 omnis
868 2003 1013 2052 generis
1042 2000 1157 2041 libros
1184 2000 1351 2039 emendos
1374 1997 1548 2036 concessit
1565 2006 1629 2042 pe-

911 2064 945 2100 E
970 2075 995 2106 3
1567 2067 1633 2097 CU‘:
