1960 2500
353 166 403 205 ’44

401 258 516 293 1816

866 152 1298 193 SERIES.

385 311 426 344 3ο
449 311 578 344 Martii..
625 309 828 350 Quaestiones
850 306 989 339 Selectae
1011 306 1172 338 Jun'dtcae
1203 316 1245 336 ex
1275 303 1376 345 capite
1398 300 1439 335 de
1454 306 1574 346 pactis,
1610 305 1755 339 defensae
1778 308 1817 340 ab

572 362 762 393 Henrico
801 360 848 391 de
889 360 1069 391 Buisson
1109 361 1131 389 Β
1142 370 1158 389 e
1169 359 1257 390 cius
1275 380 1283 396 ,
1320 355 1536 400 Mediobnrgo
1565 358 1702 391 Zelaudo
1719 384 1729 400 ‚
1759 373 1818 405 pro

573 417 747 446 Doctoratu
760 415 777 444 J
780 413 845 444 uris
859 413 995 443 Romani
1014 418 1045 442 et
1060 410 1221 442 Hodierni.

392 482 432 502 22
457 468 586 512 Aprilis.
641 469 815 498 Positiones
845 465 990 496 Medicae.
1009 489 1017 503 ‚
1049 463 1194 496 defensae
1237 475 1255 494 a
1291 465 1314 494 F
1323 475 1339 494 1·
1347 474 1363 494 a
1372 475 1393 494 n
1403 475 1419 494 c
1430 463 1439 494 i
1450 473 1464 494 s
1474 473 1490 494 c
1500 473 1521 494 o
1559 464 1582 493 P
1590 462 1599 492 i
1608 473 1648 493 er
1657 474 1674 494 a
1682 463 1727 495 rd
1737 489 1747 503 ,
1784 477 1824 499 ex

575 521 751 563 Montigny
767 519 805 550 ad
823 519 930 550 Sabim
941 542 949 557 ‚
973 529 1032 561 pro
1050 520 1224 549 Doctoratu
1242 516 1431 547 Medicinae,

408 576 528 608 E01⁷em
553 575 612 607 die.
660 576 863 614 Quaestiones
883 571 1047 603 ,luridicae
1060 595 1068 609 ,
1096 570 1239 602 defensae
1267 581 1284 601 a
1308 572 1336 601 G
1345 570 1385 601 ul
1395 568 1448 601 iel
1459 580 1490 599 m
1498 580 1518 600 o
1548 571 1576 599 H
1585 568 1648 600 ele
1657 581 1678 600 n
1689 581 1709 601 o
1743 581 1790 603 va
1798 583 1822 603 n

575 631 604 660 V
614 628 652 659 lo
663 634 674 658 t
684 639 701 658 e
712 639 733 658 n
741 651 749 666 ,
773 627 959 672 Ame'ricano
967 649 975 664 ,
998 635 1057 668 pro
1073 626 1245 654 Doctoratn
1263 623 1358 653 Juris.

392 697 433 728 29
459 682 584 727 Aprilis.
633 682 836 722 Quae-stiones
858 678 1007 710 Medicae
1015 701 1024 716 ‚
1046 675 1192 706 defensae
1223 686 1240 705 a
1269 677 1288 705 S
1296 686 1314 706 e
1323 686 1340 705 e
1348 685 1363 705 r
1371 686 1392 717 p
1400 674 1410 704 i
1419 684 1439 705 o
1463 675 1484 704 B
1492 684 1535 704 ro
1546 685 1568 704 u
1578 686 1631 706 we
1642 686 1673 715 r,
1707 678 1823 709 Franc-

396 789 434 822 13
456 789 542 831 Maji.

394 960 432 991 17
455 947 542 990 Maji.

393 1053 429 1084 18
454 1051 544 1094 Maji.

392 1172 434 1194 22
457 1158 549 1202 {Majh

387 1330 428 1364 30
453 1317 542 1360 Maji.

406 1487 427 1519 4
448 1476 542 1508 Juniiv

388 1636 425 1672 14
447 1633 543 1665 Junii.

391 1748 403 1770 1
411 1737 428 1770 5
451 1739 466 1768 J
470 1737 546 1768 unii.

354 1897 472 1930 Eodem
497 1897 557 1929 die.

577 745 675 778 quera
694 734 810 771 Frisio,
833 743 892 776 pro
905 734 1079 762 Doctoratu
1098 728 1289 760 Medicinae.

586 787 740 818 Theses
762 784 993 821 Juridime,
1027 781 1171 813 defensae
1195 782 1228 812 in
1259 780 1465 814 Auditori
1479 790 1498 810 o
1521 780 1674 821 Majori
1688 805 1696 820 ‚
1728 792 1745 811 a
1767 784 1824 813 Ja-

577 853 595 873 c
606 840 654 872 ob
663 851 683 871 0
706 839 744 871 M
755 850 771 869 a
782 838 848 870 tha
857 849 873 869 e
883 848 903 868 o
935 836 980 867 de
1010 837 1099 866 Kem
1109 845 1185 878 pen
1195 845 1276 872 aer,
1307 832 1606 871 Amstelodamensi,
1629 844 1689 876 pro
1712 836 1826 867 Docto.

577 900 647 925 ratu
671 893 755 923 Juris
773 890 908 922 Romani
925 895 957 919 et
977 887 1140 918 Hodierni.

589 945 777 977 Dissertatio
798 943 838 973 de
863 941 1047 983 Dysenteria
1069 940 1201 979 biliosa,
1229 940 1355 972 defensa
1383 940 1422 970 ab
1446 941 1628 970 Henrico
1657 939 1694 971 le
1717 943 1772 972 Ro
1780 953 1822 984 y,

577 1010 617 1030 ex
635 997 775 1038 Senegiis
797 997 831 1026 in
848 993 1037 1029 flamonia,
1060 1002 1120 1033 pro
1138 994 1313 1022 Doctoratu
1332 993 1522 1024 Medicinae.

587 1050 767 1080 Dissertatio
798 1045 839 1076 de
879 1043 1052 1076 Plearz'tz‘de
1079 1044 1222 1085 genuina
1252 1043 1390 1086 simplici
1404 1067 1414 1082 ‚
1456 1043 1585 1076 defensa
1621 1057 1639 1077 a
1676 1049 1693 1078 J
1700 1047 1826 1080 acobo

576 1104 604 1134 G
617 1101 658 1132 ul
671 1099 725 1131 iel
735 1109 795 1129 mo
818 1101 872 1129 Ve
882 1109 898 1128 r
908 1097 947 1128 bi
958 1104 1012 1134 st,
1043 1097 1269 1138 Anlverpiensi
1281 1120 1289 1133 ‚
1311 1108 1370 1139 pro
1394 1099 1568 1128 Doctoratu
1587 1099 1780 1134 Medicinae.

596 1155 781 1187 Dissertatio
802 1151 843 1182 de
865 1149 986 1182 Temno
1015 1149 1044 1181 T
1041 1150 1236 1187 ιάῑιιηαῑὶεο,
1259 1148 1387 1181 defensa
1416 1161 1433 1181 a
1455 1152 1472 1181 J
1481 1162 1501 1182 0
1510 1161 1527 1182 a
1537 1163 1558 1182 n
1569 1163 1590 1182 n
1599 1163 1617 1183 e
1645 1153 1661 1182 J
1668 1163 1688 1183 o
1696 1163 1710 1183 s
1718 1164 1735 1183 e
1743 1164 1764 1196 p
1773 1153 1793 1184 h
1805 1165 1824 1185 ο

570 1211 593 1240 F
602 1219 616 1239 r
625 1219 641 1238 a
650 1218 696 1239 ne
707 1208 737 1238 is
746 1217 762 1237 c
773 1217 793 1237 o
823 1204 845 1236 d
855 1215 872 1235 e
908 1205 954 1234 Bi·
963 1215 984 1234 u
993 1215 1013 1246 y
1024 1215 1045 1234 n
1055 1227 1063 1243 ‚
1101 1201 1399 1247 Trudonopolitano
1415 1226 1425 1242 ‚
1457 1214 1517 1247 pro
1551 1206 1727 1237 Doctoratu
1756 1207 1827 1239 Me.

571 1262 706 1294 dicinae.

588 1314 774 1347 Dissertatio
792 1311 832 1343 de
851 1312 1003 1354 Hyclrope
1023 1313 1055 1343 in
1068 1322 1183 1354 genere
1208 1317 1239 1342 et
1259 1312 1420 1353 speciatim
1443 1309 1485 1341 de
1507 1311 1696 1350 Anasarca,
1718 1311 1825 1343 defen-

574 1379 608 1400 sa
631 1378 647 1397 a
670 1369 694 1397 T
707 1366 894 1397 ilmanno
923 1366 1102 1409 Josepho
1133 1376 1208 1398 van
1245 1365 1317 1396 der
1347 1367 1449 1403 Ven,
1480 1363 1726 1407 Sylvaducensi‚
1763 1375 1824 1408 pro

571 1423 745 1452 Doctoratu
769 1419 959 1452 Medicinae.

588 1471 790 1504 Mz'scellcmea
818 1474 983 1503 Latet-aria
991 1494 1002 1510 ‚
1035 1471 1163 1503 defensa
1196 1483 1213 1503 a
1243 1473 1272 1503 L
1281 1483 1299 1503 e
1309 1484 1329 1503 o
1339 1483 1361 1502 n
1370 1482 1388 1502 e
1419 1471 1449 1502 A
1459 1482 1481 1501 n
1490 1482 1512 1502 n
1521 1481 1537 1501 a
1547 1481 1564 1501 e
1573 1471 1584 1500 ἰ
1620 1473 1652 1503 F.
1683 1473 1705 1501 B
1715 1483 1736 1501 u
1746 1481 1778 1501 m
1787 1481 1802 1501 a
1813 1493 1824 1509 ‚

571 1525 754 1557 Woudensa
786 1524 902 1560 Frisio,
936 1536 996 1567 pro
1028 1527 1204 1556 Doctoralu
1235 1524 1459 1567 Philosophiae
1489 1522 1692 1554 Theoreticae
1719 1529 1750 1554 et
1777 1523 1828 1553 Li-

574 1585 713 1609 terarum
736 1577 974 1609 humaniorum.

591 1631 764 1662 Posin'ones
795 1628 942 1660 Medc'cae
957 1653 965 1666 ,
995 1628 1140 1661 defensae
1170 1629 1211 1660 ab
1244 1629 1429 1660 Antonio
1470 1627 1515 1658 de
1551 1627 1580 1657 la
1624 1630 1823 1668 Geneste‚

572 1684 756 1720 Graviensi,
782 1694 841 1726 pro
864 1685 1034 1713 Doctoratn
1054 1683 1243 1715 Medicinae.

594 1739 797 1776 Quaestione<
829 1735 992 1767 Jun’diccw
1024 1747 1067 1766 ex
1090 1738 1191 1778 capite
1215 1735 1255 1766 de
1283 1734 1432 1771 Iudiciis,
1464 1731 1609 1764 defensae
1631 1743 1649 1763 a
1677 1735 1724 1765 Pe
1737 1740 1747 1764 t
1758 1745 1773 1764 r'
1783 1745 1803 1765 o

573 1792 601 1820 N
612 1790 714 1821 icola
724 1800 743 1820 o
777 1789 849 1819 sch
859 1799 878 1819 ο
888 1799 903 1818 r
913 1800 930 1819 e
942 1800 973 1826 r,
1008 1788 1392 1831 Medioburgo-Zelando
1409 1811 1418 1825 ,
1453 1798 1511 1829 pro
1539 1789 1713 1818 Doctoratu
1740 1788 1824 1818 Juris

572 1843 708 1875 Romani
731 1848 762 1872 et
785 1841 948 1872 Hodierni.

602 1895 714 1926 leeses
735 1892 910 1931 Juridicae,
933 1892 1077 1924 defensae
1110 1904 1126 1923 a
1150 1893 1367 1925 Gulielmo
1399 1903 1473 1923 van
1507 1891 1673 1930 Brakel,
1695 1894 1827 1923 Botere·

568 1949 728 1986 damensi,
754 1958 812 1990 pro
833 1948 1007 1977 Doctoratu
1029 1946 1113 1977 suris
1131 1947 1267 1978 Romani
1289 1953 1321 1978 et
1337 1946 1501 1979 Hodierni.

1676 2007 1702 2039 '7
1728 1997 1743 2026 J
1748 1996 1827 2028 unii.
