1960 2500
341 199 862 236 COMMENTATIO
914 197 1426 232 THEOLOGICAL'
1491 209 1504 234 ’,
1582 201 1629 238 41*

144 291 294 330 Impensus
316 299 397 321 verae
417 290 563 328 religionis
586 298 669 320 arnol
686 298 720 318 ac
739 288 869 318 studium
890 287 1035 316 sincerum
1052 286 1173 316 maxime
1198 286 1324 316 cernitur
1346 285 1431 315 dictis
1455 292 1561 316 comm.
1583 295 1626 324 74

110 350 137 375 et
158 351 222 380 75.·
198 365 224 380 .,
246 344 340 372 Deum
360 343 455 390 enim,
481 344 516 372 ad
534 351 618 379 quem
644 348 741 379 optata
764 341 859 370 omnia
882 339 1019 368 beneficia
1038 338 1142 374 refert,
1167 347 1183 366 a
1199 347 1229 367 se
1250 342 1411 374 cunctaque
1434 344 1517 374 gente
1533 338 1627 367 Israe-

108 395 187 424 litica
207 395 263 424 coli
285 395 396 430 voluit,
423 402 563 431 tanquam
579 394 615 423 ab
636 394 734 423 ordine
756 393 955 427 sacerdotum,
982 399 1034 420 nec
1061 391 1160 418 solum
1180 389 1287 418 rituum
1313 398 1457 418 sacrorum
1485 389 1624 421 observa-

109 447 209 482 tione,
235 448 286 475 sed
306 447 424 476 omnino
449 447 516 483 pie,
543 452 641 475 sancte
669 452 696 474 et
716 446 843 482 intcgie,
874 450 960 480 atque
981 443 1050 471 adeo
1074 450 1134 470 non
1158 450 1193 470 eo
1220 447 1330 469 tantum
1355 440 1499 476 consilio,
1529 447 1563 469 ut
1586 440 1629 468 ab·

107 498 276 527 hominibus
305 497 539 534 conspicerentur
566 505 652 534 atque
678 498 874 531 laudarentur,
904 495 953 524 sed
975 501 1008 522 ut
1034 495 1096 522 Deo
1121 496 1215 521 rerum
1244 492 1373 522 omnium
1402 492 1572 521 moderatori
1596 498 1627 520 et

107 558 244 586 supremo
261 549 370 586 judici,
400 558 460 578 non
481 549 564 578 statis
583 550 669 578 inodo
689 548 885 586 temporibus,
916 553 944 575 et
967 546 1055 575 sacris
1081 545 1237 574 solenniter
1257 543 1415 579 faciendis,
1442 544 1493 572 sed
1517 550 1544 572 et
1566 543 1629 579 pri-1

108 600 216 637 vatim,
240 607 267 629 et
290 601 421 637 assidue,
445 607 564 637 totaque
579 601 654 631 vitae
674 602 782 630 ratione
801 600 1000 637 probarentur.

146 653 268 681 intimos
295 653 383 690 hujus
402 653 457 682 viri
485 653 571 681 animi
605 661 707 682 sensus
736 653 875 682 honestos
900 660 932 680 ac
962 655 1077 679 sanctos
1102 648 1209 683 fuisse,
1241 647 1307 684 quis
1337 653 1401 682 est,
1429 645 1480 681 qui
1513 644 1631 674 inficias

105 702 213 732 iverit?
254 703 378 732 Animus
400 703 584 733 admiratione
609 706 779 741 perculsus,
803 712 898 734 amore
911 703 1061 736 imbutus,
1083 707 1110 728 et
1125 699 1246 728 laetitiae
1263 698 1366 734 plenus
1385 705 1414 725 se
1436 696 1515 725 effert
1542 700 1630 731 atque

106 755 250 789 exsultat,
279 763 323 783 res
344 754 480 784 sublimes
498 756 607 784 ratione
630 756 748 785 sublimi
764 755 995 792 comprehendit,
1018 759 1162 789 apteque,
1187 750 1342 778 eminenter
1361 757 1393 777 ac
1417 747 1564 784 splendide
1584 756 1630 784 exj

108 804 214 841 plicat,
237 811 280 840 et,
302 806 333 834 in
351 806 455 835 summi
476 806 613 835 Numinis
634 809 729 836 laudes
752 816 922 843 erumpens,
946 804 1090 842 quidquid
1107 802 1283 839 optandum,
1306 800 1478 837 precandum
1502 806 1534 826 ac
1553 806 1637 833 prae--

107 855 274 891 sagit-ndum
303 864 393 892 esset,
416 857 547 894 principe
566 865 593 886 et
616 865 752 894 tanquam
776 858 864 887 unico
887 858 943 886 hoc
959 863 1029 885 voto
1056 853 1280 890 complectitur,
1303 857 1335 879 ut
1358 849 1449 878 totius
1472 847 1587 885 gentis,
1602 854 1630 875 et

105 912 178 935 vero
196 907 287 936 totius
317 915 452 936 terrarum
477 909 575 942 orbis,
598 918 655 937 vox
680 918 733 937 una
759 910 798 937 sit
823 916 908 942 atque
931 906 1113 940 communis,
1140 904 1291 937 εὐλογητὸς
1323 901 1420 935 Κύμας
1446 902 1458 930 ὃ
1483 901 1550 932 Θεὸς
1580 900 1627 928 τοῦ

108 955 230 993 Ἰσραήλ.
271 957 311 986 Et
332 958 476 994 ejusmodi
496 958 610 994 quidem
639 959 771 987 sensibus
790 957 886 993 quis,
902 964 1027 992 quaeso,
1058 953 1099 982 sic
1120 952 1166 988 agi
1185 951 1300 987 potuit,
1328 949 1386 978 nisi
1407 949 1505 978 afflatu
1525 948 1635 977 divino*

109 1008 292 1043 concitatus,
313 1011 440 1043 πλησθεὶς
455 1010 612 1045 πνεύματος
635 1010 738 1045 oiylou?
778 1009 824 1038 Ex
845 1006 944 1036 multis
967 1005 1081 1041 quidem
1099 1008 1126 1031 et
1147 1001 1306 1031 manifestis
1325 1001 1411 1039 hujus
1432 999 1530 1036 hymni
1554 1008 1622 1036 pro-

111 1058 281 1094 prietatibus
307 1066 437 1095 apparet,
468 1059 491 1086 ei
513 1060 590 1088 haud
614 1059 742 1097 denegari
768 1065 857 1095 posse
881 1056 1130 1089 enthusiasmum,
1161 1053 1282 1082 similem
1301 1053 1343 1088 ei,
1374 1052 1426 1089 qui
1448 1051 1626 1080 GiMaecorum

107 1104 364 1151 Romanorumque
391 1110 542 1139 Poetarum
571 1117 703 1158 pectora
715 1105 913 1138 inffammavit
916 1128 926 1143 ,
948 1101 1064 1142 eosque
1096 1107 1130 1133 ex
1157 1104 1248 1141 hujus*
1277 1100 1385 1132 veluti
1396 1109 1484 1131 terrae
1505 1102 1632 1131 vinculis

107 1153 238 1196 ereptos,
261 1160 290 1189 in
311 1161 491 1199 superiorem
509 1155 649 1197 quandam
673 1155 816 1201 regionem
842 1156 953 1196 rapuit,
975 1166 990 1186 e
1010 1157 1069 1193 qua
1082 1154 1223 1192 imagines
1245 1160 1273 1182 et
1294 1155 1405 1183 colores
1431 1155 1576 1183 retulerint
1597 1153 1632 1182 ad

106 1205 297 1245 proferenda
305 1217 334 1239 et
356 1214 517 1242 exoinanda
547 1213 594 1241 illa
617 1213 686 1241 artis
716 1212 870 1247 miracula,
898 1217 971 1245 quae
994 1208 1087 1236 adhuc
1117 1211 1284 1242 stupemus;
1316 1206 1366 1234 sed
1386 1205 1566 1241 conspicitur
1588 1204 1631 1232 in-

111 1268 198 1296 super
223 1262 318 1290 multo
341 1263 432 1303 majus
457 1263 528 1302 quid
552 1269 579 1292 et
601 1263 793 1301 praeclarius,
816 1262 895 1314 quod
909 1259 1028 1289 Graecis
1042 1257 1215 1292 Latinisque
1236 1255 1332 1286 Poetis
1351 1256 1531 1293 incognitum
1553 1255 1610 1283 fuit
1619 1274 1638 1290 ,γ

105 1316 134 1339 et
157 1320 172 1339 a
193 1313 330 1349 religione
359 1311 475 1350 o'rtum,
506 1321 534 1342 et
556 1315 674 1343 omnino
707 1310 831 1343 coeleste
856 1302 1052 1346 divinumque
1083 1308 1184 1336 merito
1212 1307 1358 1342 habetur,
1388 1308 1418 1336 in
1447 1316 1506 1343 quo
1535 1307 1631 1343 ipsum

107 1361 200 1391 Deum
222 1364 329 1397 spirare
353 1365 460 1392 sentias
486 1372 513 1392 et
537 1374 698 1400 agnoscas,
720 1373 754 1393 ex
775 1364 860 1400 cujus
875 1363 954 1392 notis
978 1370 1010 1390 ac
1034 1359 1146 1397 signis,
1175 1358 1244 1387 huie
1269 1359 1378 1395 hymno
1399 1358 1564 1394 impressis,
1584 1357 1629 1393 J‘u-

107 1412 215 1440 dicium
237 1411 328 1448 feras,
351 1420 378 1441 et
397 1414 458 1442 sine
481 1415 539 1443 ulla
557 1415 736 1444 dubitatione
760 1415 987 1448 animadvertas,
1014 1419 1077 1439 eum
1104 1418 1162 1439 non
1189 1409 1250 1438 sine
1271 1409 1408 1446 singulari
1431 1408 1505 1443 Dei,
1533 1407 1628 1436 omnis

108 1462 169 1491 veri
194 1463 367 1498 pulchrique
394 1465 522 1493 auctoris
549 1465 674 1501 afflatu,
703 1474 766 1495 esse
793 1465 969 1495 confectum.
1017 1462 1109 1491 Conf.
1140 1461 1231 1490 oratio
1255 1459 1466 1497 elegantissima
1495 1459 1532 1495 J.
1565 1459 1637 1488 Seb.⁴

112 1512 196 1541 Fltlc·
226 1512 337 1548 Κανὶἱ,
366 1514 429 1542 Viri
456 1515 634 1552 Clarissimi,
663 1517 710 1544 De
732 1518 844 1545 Poe‘scos
867 1516 1030 1544 chmicae
1052 1522 1126 1553 prae
1155 1512 1289 1540 Arabum
1318 1512 1399 1539 Pom·
1423 1513 1631 1549 praestantia,

107 1568 171 1592 tam
193 1565 348 1599 veritatis,
370 1575 456 1602 qaam
477 1566 594 1596 dii’inae
616 1568 777 1603 maiestatis
795 1569 945 1605 religionis
967 1569 999 1595 in
1020 1565 1120 1594 Veteri
1136 1564 1229 1593 codice
1254 1564 1344 1591 Sacro
1366 1562 1517 1597 traditae,
1540 1571 1629 1599 arga-

108 1620 222 1649 mento,
244 1623 310 1651 pag.
335 1623 384 1650 44.
407 1624 434 1644 et
454 1617 483 1646 In
507 1619 686 1649 P1aefatione
702 1629 769 1656 pag.
793 1629 849 1648 vn.
874 1618 925 1648 ubi
944 1617 998 1646 Vir
1014 1616 1136 1645 eximius
1159 1616 1193 1644 de
1211 1615 1266 1644 hoc
1281 1621 1447 1652 argumento
1470 1614 1628 1648 universo,

109 1666 148 1694 ad
165 1665 268 1695 Poiisin
289 1666 457 1696 Hebraicam
484 1670 660 1706 pertinente,
683 1672 774 1700 multa
793 1670 917 1719 egregie
926 1668 1052 1698 monuit.

150 1715 198 1742 Ad
215 1724 258 1741 ies
277 1717 354 1749 ipsas
375 1719 430 1742 hue
449 1719 572 1749 carmine
587 1724 750 1758 explanatas
769 1723 850 1758 quod
870 1715 987 1754 attinet,
1018 1718 1187 1752 quomodo,
1212 1717 1342 1751 tandem,
1374 1715 1432 1744 fieri
1458 1715 1572 1750 potuit,
1594 1721 1629 1743 uu

76 1771 82 1776 ‘
111 1763 265 1794 zacharias
286 1764 419 1795 not10nes
441 1768 475 1796 de
494 1772 578 1798 rebus
600 1773 707 1798 divinis
726 1779 793 1806 prae
810 1767 1084 1806 pleiisqueJudaeis
1103 1768 1173 1795 adeo
1198 1769 1354 1802 praeclaras
1378 1772 1465 1801 atque
1489 1766 1634 1794 sublimes

109 1816 313 1852 concepisset,
342 1823 375 1845 ut
397 1818 448 1847 filii
473 1829 488 1847 e
511 1820 599 1857 stirpe
624 1822 758 1858 depressa
786 1821 946 1858 humilique
965 1819 1076 1856 virgIne
1094 1817 1233 1847 nascituri
1257 1822 1351 1845 ortum
1380 1816 1435 1845 hoc
1460 1817 1567 1853 hymno
1586 1816 1627 1845 ef-

110 1864 216 1902 ferret,
243 1874 378 1903 tanquam
402 1879 545 1900 summum
579 1873 690 1903 divinae
718 1873 903 1911 benignitatis
932 1873 1154 1905 documentum,
1184 1876 1217 1897 ut
1249 1878 1336 1904 porro
1366 1877 1380 1897 a
1404 1868 1544 1903 perversis
1577 1867 1625 1896 sui

113 1917 175 1945 aevi
196 1918 382 1954 opinionibus
403 1922 488 1961 longe
509 1931 634 1954 remotus
655 1927 690 1955 ad
713 1926 907 1955 celebrandam
929 1924 1056 1953 Messiae
1081 1918 1201 1959 gloriam
1218 1928 1312 1949 veram
1333 1925 1359 1947 et
1385 1927 1540 1956 germanam
1562 1925 1625 1953 per·

114 1974 201 2004 petuo
223 1977 393 2010 recurreret,
416 1975 539 2013 denique
560 1983 594 2006 ut
613 1983 702 2008 aetate
718 1977 805 2009 senili
827 1986 870 2008 res
888 1975 1071 2014 gravissimas
1092 1971 1207 2003 Poetica
1231 1970 1359 2003 ratione,
1381 1974 1454 2003 quae
1472 1975 1539 1997 suas
1564 1976 1624 1997 om-

906 2027 930 2056 F
1587 2019 1632 2050 ni-
