1960 2500
332 129 847 166 COMMENTATIO
901 129 1379 172 THEOLOVGICA}
1565 141 1608 180 ⁸¹¹7,

95 222 120 250 Ι.
136 222 217 251 Deel.
243 221 284 249 bl.
308 230 373 256 341.
399 227 534 255 monent,
557 219 731 256 Imm-preses
749 216 852 254 Belgas
870 217 944 254 ὅρκου
966 218 1086 254 legisse3
1115 227 1178 248 nani
1201 227 1234 248 ex
1255 220 1383 256 ipsorum
1406 220 1603 250 Annotatione

94 274 129 302 ad
152 273 182 301 h.
205 273 225 300 1.
249 279 343 308 patet⁷
365 281 414 301 eos
436 272 507 300 nihil
533 271 563 299 in
583 276 664 298 textu
686 275 822 297 mutasse.
864 268 1039 297 Lambcrtus
1058 269 1111 297 Bos
1132 270 1161 298 in
1183 269 1453 301 Exercitationlbus
1469 272 1601 301 philol&

89 326 182 361 gicis,
205 324 439 351 Rosemnullems
460 323 488 351 in
505 321 640 355 Sabanis,
667 320 774 355 aliique
789 319 1009 355 subintelligunt
1035 323 1119 351 κατὰ.
1160 321 1238 357 Alii,
1261 328 1292 350 ut
1317 323 1489 360 Euthymius
1509 322 1601 361 Ziga-

91 374 195 409 benus,
217 375 403 410 Kasinoelius,
424 375 497 411 ὅρκον
521 373 645 401 referunt
666 372 700 400 ad
719 373 884 407 μνησθῆναι,
906 371 1180 408 animadvertentes,
1208 373 1264 401 hoc
1286 373 1404 402 verbu'm
1428 374 1510 403 etiam
1535 384 1601 404 cum

89 425 256 454 accusativo
280 425 410 454 construi
433 424 508 461 apud
527 423 755 458 Alexandrinos,
776 422 836 460 Jes.
858 422 968 451 LXIII:
994 431 1020 458 7.
1050 423 1157 453 Genes.
1176 424 1231 453 IX:
1258 426 1302 453 16.
1347 425 1512 454 Mirandum
1537 433 1601 462 est,

91 475 227 505 Grotimn
249 477 320 514 δ’ρκον
338 485 404 505 cum
426 477 543 510 ἐλάλησε
561 481 701 503 commate
723 483 769 510 70.
795 473 998 512 conjunxisse3
1020 483 1084 502 nam
1107 479 1222 510 λαλεῖν,
1243 481 1275 504 ut
1295 475 1439 512 vidimus,
1459 475 1603 513 significat

89 526 146 556 hoc
171 528 237 556 loco
254 529 438 566 promittere.
479 526 621 555 Praeterea
643 526 755 563 phrasis
775 530 870 557 λαλεῖν
891 526 963 561 ὅρκον
985 526 1084 554 durior
1102 526 1225 554 videtur.

127 578 174 606 Ab
196 579 241 607 his
264 579 397 608 discessit
418 578 578 613 Ehnmus,
600 577 651 613 qui
671 578 740 614 ὅρκον
761 586 815 613 pro
836 577 910 612 ὅρκου
928 576 1057 612 positum
1083 585 1145 605 esse
1165 584 1280 614 monet,
1303 578 1419 615 regique
1442 588 1457 607 a
1479 581 1599 616 μνησθῆ-

86 640 132 660 ναι
153 630 304 658 commatis
327 629 538 667 praecedentis,
560 637 658 657 casum
684 635 777 657 autem
803 634 936 664 quartum
963 634 1124 656 assumtum
1149 637 1212 657 esse
1231 638 1246 657 a
1266 630 1396 665 sequenti
1421 630 1537 659 relativo
1552 631 1599 667 ἑύς

87 686 115 708 et
136 688 210 709 recte
229 682 362 717 quidem:
385 681 533 709 relativum
558 680 631 709 enim
654 689 712 709 non
735 681 829 708 solum
855 688 926 708 casu
952 680 1105 716 respondet
1123 680 1299 708 antecedenti
1319 680 1523 717 substantivo,
1549 682 1602 710 sed

88 739 148 759 non
171 740 232 760 raro
259 733 424 761 antecedens
450 740 554 761 nomen
579 732 609 760 in
636 740 721 760 Suum
744 740 839 759 casum
863 730 1020 767 pertrahit,
1047 737 1079 758 nt
1109 730 1201 759 Marc.
1224 731 1282 759 VI:
1308 733 1354 760 16.
1384 742 1396 761 1
1411 732 1486 761 Petr.
1504 733 1546 761 11:
1570 741 1599 768 7.

88 782 209 811 Grotius
228 784 263 812 ad
284 783 352 812 Act.
373 784 416 812 X:
441 785 493 820 36,
517 785 562 819 38.
604 783 685 811 Hanc
708 782 968 818 interpretationem
990 781 1124 817 probavit
1143 782 1189 812 Cl.
1215 783 1398 812 Valckenaer
1419 784 1455 812 ad
1476 784 1506 812 h.
1530 784 1552 811 1.

126 833 261 863 Formula
284 835 354 872 ὅρκον
378 834 482 872 ὀμνύειν
502 835 607 871 legitur
627 830 703 870 a¹pud
723 834 849 871 leucyd.
874 833 911 862 11.
935 842 998 869 cap.
1013 841 1062 869 73.
1085 835 1148 869 πρὸς
1170 836 1221 863 τῶν
1244 833 1341 870 ὅρκων,
1369 835 1414 868 οὓς
1438 836 1461 866 οἱ
1483 835 1600 872 πατέρες

87 886 215 922 ὤμοσαν,
235 892 262 914 et
276 886 327 914 III.
351 894 412 924 cap.
432 888 446 914 8
452 896 480 923 3.
521 886 609 922 Apud
628 885 844 914 Demosthenem
869 892 986 921 quoque
1004 892 1070 920 pag.
1084 885 1139 920 679
1157 900 1194 906 -
1214 887 1262 921 69.
1288 886 1333 914 ed.
1349 885 1464 914 Relske.
1506 885 1597 915 Conf.

83 944 172 972 porro
192 937 363 966 Schleusner
386 938 421 965 ad
439 946 525 966 voces
546 938 617 974 ἕρκσς
641 943 668 965 et
689 937 789 974 ὅμνύω-

123 989 192 1025 Πρὸς
216 988 349 1025 Ἀβραὰμ.
373 990 418 1020 τὸν
446 990 552 1026 πατέρκ
576 990 671 1024 ἡμῶν,
697 997 751 1024 pro
781 988 818 1024 τῷ
844 987 980 1024 Ἀβραὰμ
1000 988 1037 1024 τῷ
1065 987 1148 1023 πατρὶ
1179 989 1276 1023 ἡμῶν,
1309 997 1359 1024 per
1380 988 1594 1019 I-Iebraismum.

82 1037 260 1074 Praepositio
289 1042 354 1077 πρὸς
378 1040 426 1068 hie
506 1039 725 1074 Hebraeorum,
754 1038 852 1067 Dativi
876 1045 973 1067 notam
990 1059 1001 1074 ‚
1029 1038 1171 1074 exprimit.
1219 1039 1376 1069 Promissio
1411 1039 1595 1077 jurejurando

81 1089 249 1119 confirmata
270 1091 373 1128 legitur
393 1091 499 1120 Genes.
523 1091 620 1119 XXH:
647 1091 693 1118 16.
716 1099 800 1126 seqq.
1286 1080 1289 1087 ¹

119 1143 176 1170 'rav
198 1143 286 1172 δοῦναι
309 1144 374 1179 ἡμῖν
396 1143 527 1181 ἀφόβως,
551 1144 581 1172 ἐκ
604 1143 694 1178 χειρὸς
715 1145 767 1171 τῶν
789 1140 891 1178 ἐχθρῶν
908 1142 983 1177 ἡμῶν
1003 1141 1166 1178 ῥυσθέντας,
1192 1143 1332 1179 λατρεύειν
1352 1144 1446 1180 αὐτᾷ,
1474 1143 1501 1172 ἒν
1517 1141 1599 1172 ’ὅσιό-

81 1202 142 1225 τητι
170 1192 214 1221 καὶ
239 1193 388 1231 δικαιοσύνῃ
417 1195 524 1224 ἐνώπιον
547 1195 635 1224 αὑτοῦ
651 1212 662 1228 ,
689 1194 785 1225 πάσαιέ
810 1193 862 1225 τὰς
893 1193 992 1228 ἡμέρας
1020 1194 1113 1228 ἡμῶν,
1139 1202 1166 1220 se
1189 1193 1330 1222 daturum
1357 1193 1454 1228 nobis,
1482 1198 1515 1220 ut
1537 1192 1597 1220 sine

81 1247 177 1278 metu,
199 1252 218 1271 a
234 1250 377 1282 potestate
397 1244 637 1274 adversariorum
666 1250 829 1272 vostrorum
849 1243 988 1278 liberati,
1015 1244 1140 1271 colamus
1157 1253 1219 1272 cum
1239 1250 1337 1272 sancte
1357 1250 1384 1272 et
1397 1245 1447 1282 pic
1459 1250 1516 1281 per
1541 1251 1598 1271 om-

78 1303 127 1322 nes
149 1294 208 1324 dics
227 1302 347 1325 nostros.
388 1285 491 1328 Δοῦνᾶἰ
511 1297 605 1327 ἑαυτὸν
625 1298 689 1332 ἡμῖν
703 1295 808 1331 legitur
826 1294 856 1322 in
872 1294 963 1323 Veles.
986 1295 1066 1324 conf.
1090 1295 1219 1324 Asillius.
1243 1296 1402 1333 Vitringa,
1425 1294 1543 1324 observ.
1562 1294 1594 1323 S.

77 1345 132 1374 lib.
150 1346 174 1375 1.
197 1347 313 1377 dissert.
331 1357 358 1385 3.
381 1357 446 1385 cap.
464 1349 492 1376 6.
514 1357 581 1385 pag.
600 1356 666 1376 212.
690 1353 788 1375 censet
816 1348 864 1376 τρῦ
890 1347 979 1377 δοῦναι
1002 1355 1061 1376 11011
1080 1345 1177 1376 referri
1201 1346 1301 1375 debere
1322 1347 1358 1375 ad
1378 1346 1465 1384 ὅρκον,
1492 1345 1542 1375 SM
1558 1339 1594 1369 ad

78 1400 218 1431 λατρεύων
242 1401 368 1437 ἀφόβως.
408 1401 449 1428 At
472 1399 633 1428 communis
660 1398 718 1427 fere
745 1398 936 1433 Interpretum
962 1404 1006 1426 cst
1038 1398 1194 1432 sententia,
1225 1397 1363 1434 conjungi
1397 1398 1496 1423 debere
1523 1392 1592 1420 haec

81 1444 168 1474 verba
193 1454 259 1474 cum
284 1451 461 1481 praecedeuti
494 1450 655 1484 sententia,
684 1456 717 1477 ut
746 1448 829 1484 quasi
857 1449 894 1476 sit
922 1449 1073 1484 explicatio
1103 1448 1238 1484 quaedam
1269 1445 1480 1484 jurisjurandi,
1511 1443 1590 1479 quod

79 1492 160 1525 Deus
181 1496 306 1533 juravit3
328 1496 507 1526 Infinitivum
530 1507 597 1535 ergo
619 1509 634 1527 a
653 1508 725 1528 voce
743 1500 813 1536 ὅρκον
837 1499 976 1534 pendere,
1003 1506 1035 1527 ut
1053 1500 1111 1536 Jer.
1132 1499 1187 1527 XI:
1211 1506 1240 1534 5.
1281 1498 1396 1526 Locum
1414 1504 1429 1524 a
1448 1495 1527 1523 Beza
1545 1495 1593 1523 ad-

78 1548 198 1576 ductum
227 1556 262 1576 ex
290 1547 342 1576 lib.
365 1547 404 1576 V.
433 1547 529 1576 Mosis
558 1558 623 1584 cap.
646 1550 753 1578 XXVI:
779 1559 806 1585 3.
837 1550 911 1578 nihil
933 1550 979 1578 hic
1006 1551 1040 1578 ad
1062 1559 1117 1579 rem
1141 1550 1249 1584 facere,
1279 1549 1351 1578 bene
1381 1547 1517 1576 observat
1540 1546 1592 1576 Vi-

80 1600 202 1637 tringa,
225 1599 246 1627 l.
269 1609 295 1627 c.
577 1609 580 1612 ·
903 1593 907 1599 “

115 1650 273 1678 Michae‘lis
296 1659 364 1679 vero
381 1651 526 1689 vulgarem
552 1652 813 1689 interpretationem
832 1659 924 1688 recte,
946 1659 980 1681 ut
1001 1654 1133 1688 videtur,
1156 1652 1340 1688 improbavit.
1381 1651 1426 1680 De
1444 1658 1501 1679 usu
1526 1647 1592 1677 Infi-

77 1700 165 1730 nitivi
185 1710 250 1730 cum
274 1702 396 1731 articulo
415 1704 445 1734 τὸ
468 1705 514 1732 vel
533 1707 580 1734 τοῦ
604 1713 658 1740 pro
678 1705 817 1740 gei-undio
839 1705 869 1732 in
890 1704 977 1740 dum,
1009 1713 1095 1741 supra
1118 1704 1258 1733 monitum
1281 1710 1323 1731 est
1345 1703 1378 1731 ad
1403 1711 1430 1729 c.
1450 1709 1496 1735 72.
1539 1697 1592 1726 Ni-

79 1751 122 1780 hil
142 1758 235 1781 autem
257 1753 370 1781 obstare
393 1754 526 1790 videtur,
559 1754 716 1790 quominus
736 1759 783 1787 τοῦ
804 1757 891 1787 δοῦναι
923 1764 1041 1792 quoque
1064 1756 1094 1783 h.
1113 1756 1133 1783 1.
1158 1761 1191 1784 ut
1211 1761 1239 1783 et
1263 1763 1290 1783 c.
1312 1761 1358 1789 77.
1400 1752 1443 1781 sic
1471 1749 1591 1786 accipia-

79 1808 146 1838 tur,
165 1809 199 1832 ut
214 1803 378 1833 Infinitivus
398 1804 434 1833 sit
452 1805 618 1834 absolutus.

114 1854 256 1891 Ἀφόβως.
286 1855 442 1893 Origenes,
463 1855 706 1894 Theophylactus‚
736 1856 950 1894 Hammoazdus,
975 1859 1157 1895 conjungunt
1181 1864 1246 1886 cum
1271 1856 1424 1893 participio
1441 1854 1590 1892 ῥυσθέντας.
1621 1867 1630 1869 ”

79 1904 155 1935 Haec
180 1914 246 1936 vero
266 1905 459 1944 interpretatio
484 1913 528 1936 est
553 1908 633 1937 valde
664 1914 774 1939 coacta.
816 1901 947 1946 ’Λφᾶβως
978 1910 1061 1939 debet
1090 1909 1150 1943 sine
1174 1908 1264 1939 dubio
1292 1907 1424 1938 connecti
1453 1915 1518 1936 cum
1535 1912 1592 1930 Μ·

78 1958 85 1967 ’
855 1959 881 1989 C
1468 1950 1591 1988 τρεύειν,
