1940 2474
205 164 249 208 5⁴0
562 160 934 194 ABRAHAMI
984 160 1366 194 cAPADocE

186 255 191 256 ⁷
215 251 303 279 causa
330 249 486 279 solutionis
510 249 720 286 principiorum
750 249 779 278 in
806 250 940 278 cadavere
964 257 1071 287 agens,
1096 257 1207 286 semper
1230 249 1371 286 jacturam
1397 247 1442 277 vis
1465 247 1563 279 vitalis
1589 250 1726 281 ‘invocare

215 302 307 331 debet.
322 332 325 333 ⁷

254 352 397 381 Videntur
416 353 504 390 igitur
519 354 589 382 tales
611 353 787 390 objectiones
814 361 847 381 eo
869 352 973 387 inniti,
997 352 1076 388 quod
1099 359 1159 380 non
1182 351 1235 379 rite
1263 359 1349 381 causa
1372 352 1502 388 proxima
1522 361 1538 381 a
1560 355 1667 382 remota
1687 354 1731 383 di-

221 403 394 440 sringuatur.
442 405 565 433 Causam
585 405 659 433 enim
682 404 841 441 proximam
863 402 1084 440 putrefactionis
1112 403 1230 432 omnino
1248 412 1314 432 curn
1337 403 1513 432 Clarissimis
1532 404 1611 433 Viris
1636 404 1666 433 in
1687 413 1731 434 se-

214 455 362 491 paratione
384 455 506 493 alicujus
531 456 668 492 principii
687 464 722 484 ex
742 454 856 484 materia
883 454 996 483 animali
1014 454 1171 483 consistere
1192 454 1352 490 credimus,
1381 456 1430 484 sed
1452 461 1590 484 remotam
1612 452 1731 492 in'1psa

213 505 352 542 principii
374 506 468 535 vitalis
490 507 616 543 plenaria
637 506 862 542 consumptione
885 506 1046 543 ponendam
1068 513 1132 534 esse
1151 513 1299 542 putamus.

253 557 467 595 Argumentum
497 557 655 586 Secundam
695 557 915 594 conjunctiones
943 558 1047 585 multas
1080 558 1220 594 proponit
1235 557 1448 594 principiorum
1471 558 1503 586 in
1530 557 1660 594 partibus
1684 565 1730 586 or-

211 608 342 646 ganicis,
358 618 434 645 quae
453 609 609 638 contrariae
625 616 695 638 sunt
707 608 894 638 affinitatibus
909 609 1060 638 Chemicis
1074 608 1283 645 principiorum
1299 610 1374 638 unde
1391 609 1620 638 constituuntur.
1640 621 1645 623 ·
1661 609 1731 637 Huc

215 659 299 688 ailata
323 661 451 696 exempla
472 660 606 689 videntur
628 662 771 697 genuina,
790 668 818 690 et
836 661 889 690 rite
913 661 1077 689 observatae
1093 667 1208 688 naturae
1224 661 1419 697 phaenomena
1439 659 1589 696 exhibere,
1609 666 1644 689 ut
1659 661 1730 690 adeo

214 711 366 740 conclusio
387 720 421 740 ex
442 711 498 740 illis
520 712 640 741 deducta
662 713 769 749 pariter
791 722 845 750 pro
866 713 992 750 legitima
1015 711 1112 740 haberi
1133 711 1243 740 debeat.
1688 706 1691 707 ⁷
1715 751 1719 754 ῃ

225 766 231 773 ·
253 762 466 800 Argumentum
489 763 616 791 Tertium
644 764 740 791 varios
770 770 798 790 et
819 764 996 797 multiplices
1020 762 1138 789 effectus
1166 763 1360 797 potentiarum
1385 762 1552 791 nocentium
1574 770 1608 791 ex
1633 759 1734 798 Dyna-

218 813 299 842 micis
331 804 461 849 exponit.
510 814 592 850 Quae
615 814 662 843 hic
685 819 841 842 occurrunt
869 813 1131 849 phaenomenorum
1157 805 1374 847 expositiones,
1406 813 1550 848 tamquam
1580 813 1733 849 oppositae

210 864 448 900 expositionibus
471 863 613 892 similium
634 864 894 899 phaenomenorum
915 863 946 891 in
968 863 1147 900 Argumento
1170 862 1282 899 Quinto
1304 862 1410 898 prioris
1431 863 1552 899 capitis,
1575 870 1645 892 sunt
1667 871 1732 900 spe-

214 915 343 943 ctandae.
384 914 608 951 Comparatione
628 915 702 944 enim
726 915 879 950 instituta,
906 922 940 942 ex
966 913 1012 941 his
1033 912 1108 941 nihil
1129 907 1280 947 sequitur,
1304 921 1389 947 quam
1415 914 1495 948 quod
1519 913 1638 943 affinitas
1655 913 1732 943 Che-

216 965 290 994 mica
315 974 376 994 non
401 966 518 1002 penitus
546 967 646 1002 sileat,
677 974 705 996 et
728 976 762 996 ex
786 967 843 995 illis
867 971 1086 994 memoratarum
1111 964 1303 999 potentiarum
1330 963 1450 992 effectus
1475 972 1509 992 ex
1538 964 1570 992 ea
1599 963 1748 992 affinitate'

217 1018 284 1046 oola
301 1025 362 1046 non
387 1018 504 1054 possint
531 1018 683 1054 explicari3
714 1019 781 1047 dum
805 1018 875 1046 haec
895 1015 1048 1053 explicatio
1075 1015 1129 1043 rite
1152 1015 1301 1052 procedat,
1331 1014 1450 1043 nullibi
1461 1021 1578 1043 naturae
1606 1014 1666 1043 vim
1688 1015 1735 1045 in·

218 1067 295 1102 fei-t,
316 1077 368 1102 nee
388 1068 446 1097 ulli
476 1077 614 1106 repugnat
637 1069 782 1107 cognitae
796 1075 911 1098 naturae
940 1066 1016 1103 legi,
1047 1065 1072 1094 si
1099 1066 1134 1095 ad
1155 1066 1202 1094 vis
1233 1065 1331 1095 vitalis
1359 1065 1531 1103 singularem
1560 1065 1734 1103 efficaciam,

215 1118 247 1147 h.
264 1127 290 1148 e.
312 1121 348 1148 ad
366 1128 469 1149 causas
490 1121 683 1157 Dynamicas,
711 1130 902 1151 recurramus.
1562 1126 1563 1130 ’

231 1170 402 1200 Omnibus
426 1180 496 1209 ergo
526 1172 600 1201 inter
624 1181 655 1202 se
681 1173 813 1209 collatis,
835 1174 947 1203 tandem
971 1173 1084 1203 videtur
1107 1174 1309 1211 statuendum,
1333 1181 1504 1203 concurrere
1529 1171 1565 1202 ad
1593 1171 1734 1214 unionem.

216 1221 426 1258 principiorum
451 1232 606 1260 corporum
636 1223 795 1253 viventium
822 1225 892 1253 duas
917 1234 1039 1261 causas,
1068 1235 1190 1262 quarum
1213 1227 1298 1255 altem
1319 1227 1354 1255 ad
1381 1216 1542 1254 affinitatem
1566 1215 1735 1253 Chemicam
1772 1215 1774 1217 ¹

215 1273 357 1309 pertinet,
383 1275 469 1302 altera
492 1283 508 1303 a
534 1275 625 1311 primi
654 1275 785 1311 diversa,
815 1276 970 1312 aliquando
995 1286 1061 1306 cum
1095 1280 1127 1306 ea
1161 1278 1190 1306 in
1218 1278 1327 1314 agendo
1353 1284 1550 1311 concurrens,
1570 1273 1752 1310 aliquando*

215 1323 299 1352 etiam
322 1324 386 1359 ipsi.
398 1325 554 1361 contraria,
576 1326 728 1362 ipsamque
750 1335 906 1363 superans,
929 1337 1001 1364 quae
1021 1329 1126 1365 pendet
1148 1338 1164 1356 a
1183 1328 1255 1357 vita.
1297 1329 1328 1357 Si
1348 1329 1520 1362 dicendum,
1543 1323 1641 1354 ut‘re‘s
1665 1330 1732 1364 est,

215 1373 246 1403 in
271 1383 304 1404 eo
326 1374 459 1404 videntur
478 1376 610 1412 plerique
630 1378 785 1412 erravisse,
809 1380 888 1413 quod
908 1387 992 1407 unam
1016 1387 1051 1408 ex
1072 1379 1184 1407 duabus
1206 1378 1368 1407 memoratis
1391 1379 1487 1406 causis
1506 1383 1655 1406 actuosam
1675 1374 1752 1404 stas>

214 1426 339 1455 tuerint:
361 1433 390 1456 at
410 1435 478 1455 vero
496 1427 571 1456 nstfil
593 1429 710 1463 obstat,
729 1437 791 1464 quo
813 1429 909 1457 minus
930 1428 1028 1458 ambae
1049 1436 1184 1457 actuosae
1206 1429 1277 1456 sint.
1318 1428 1477 1456 Affinitates
1495 1421 1649 1454 Chemicae
1672 1415 1735 1454 vir'n

217 1477 321 1506 debent
339 1486 484 1514 exercere,
514 1479 650 1514 quamdiu
673 1487 829 1516 corporum
850 1480 994 1516 principia
1019 1480 1167 1508 immutata
1191 1477 1340 1514 existunt3
1372 1477 1448 1506 unde
1470 1477 1622 1514 sequitur,
1651 1476 1737 1512 prin-1

212 1527 302 1564 cipiis
328 1536 483 1565 corporum
505 1530 540 1558 ad
556 1539 586 1558 se
607 1530 729 1559 invicem
752 1531 954 1559 accedentibus
977 1531 1073 1560 nisum
1092 1531 1127 1559 ad
1148 1532 1219 1559 tales
1241 1529 1463 1566 conjunctiones
1479 1526 1579 1562 nasci,
1602 1526 1652 1563 qui
1673 1526 1734 1556 illis

214 1579 400 1610 affinitatibus
423 1581 604 1618 respondeat.
644 1582 684 1611 At
702 1591 717 1610 a
737 1583 798 1611 vita
816 1589 915 1619 agente
935 1584 1038 1619 procul
1062 1582 1152 1611 dubio
1176 1581 1206 1610 vi
1233 1581 1355 1617 quadam
1381 1578 1622 1616 singular-letiam
1645 1578 1753 1608 nisus?
1796 1571 1798 1573 ’

215 1631 401 1660 nasciturad
420 1639 524 1662 certam
547 1633 682 1662 unionem
703 1635 859 1662 eorundem
879 1633 1109 1670 principiorum,
1140 1624 1191 1669 nui
1214 1632 1296 1661 {fisus
1322 1630 1347 1659 si
1377 1630 1530 1660 concurrat
1549 1630 1619 1659 'curn
1643 1627 1751 1666 priori*

213 1681 295 1709 hunc
313 1683 404 1712 reddit
423 1684 624 1721 efficaciorem,
643 1694 730 1720 quam
752 1694 787 1714 ex
809 1686 872 1714 sola
887 1685 1021 1714 affinitate
1041 1686 1111 1721 erit,
1132 1686 1219 1720 dum,
1243 1683 1267 1712 si
1288 1682 1331 1711 illi
1349 1687 1531 1719 opponatur,
1552 1687 1649 1718 potest
1671 1678 1741 1723 esse

217 1731 341 1760 efficacia
361 1734 405 1761 vel
425 1734 557 1769 superior
572 1736 617 1764 vel
640 1735 771 1764 inferior.
812 1736 845 1764 In
862 1736 951 1772 priori
968 1745 1038 1765 casu
1055 1737 1151 1765 nisum
1167 1744 1207 1764 ex-
1218 1734 1354 1764 affinitate
1369 1734 1452 1770 quasi
1468 1733 1584 1767 delens,
1600 1732 1635 1760 ad
1652 1730 1735 1759 unio&

214 1791 280 1812 nem
299 1783 511 1820 principiorum
532 1786 728 1815 moderandam
748 1787 783 1815 ad
802 1795 930 1816 normam
956 1788 1013 1816 sibi
1037 1788 1203 1824 propriam,
1229 1793 1259 1816 et-
1279 1788 1334 1816 hoc
1359 1785 1388 1814 in
1415 1793 1483 1814 casu
1507 1781 1634 1812 affinitati
1658 1781 1734 1811 Che-

218 1835 309 1863 micae
327 1834 518 1872 contrariam,
543 1837 618 1866 dicta
643 1838 785 1874 principia
800 1838 964 1874 conjungit.
1005 1839 1038 1867 In
1056 1839 1216 1874 posteriore
1233 1846 1301 1866 casu
1319 1836 1422 1865 minuit
1438 1835 1638 1863 tantummodo
1656 1833 1733 1862 hunc

218 1887 339 1914 eundem
360 1895 394 1915 ex
415 1887 548 1916 affinitate
566 1889 682 1924 nisum,
704 1889 754 1917 sed
771 1897 830 1918 non
854 1888 991 1925 impedit,
1021 1895 1053 1917 u't
1076 1889 1198 1918 efficacia
1224 1889 1360 1922 inferior,
1389 1895 1448 1923 quo
1473 1885 1568 1914 minus
1591 1893 1627 1913 ex-
1647 1882 1736 1919 affinio

217 1942 275 1974 tate
296 1937 615 1976 Chemkstaeomposha
636 1941 769 1977 organica
786 1946 947 1971 struantur..
990 1940 1101 1969 Natura
1122 1940 1198 1972 haud
1212 1948 1284 1968 raro
1301 1938 1368 1968 alibi
1383 1937 1470 1966 etiam
1493 1935 1611 1969 effectus
1637 1941 1734 1963 osten-

216 1986 276 2024 dit,
301 1989 413 2018 duabus
430 1990 550 2019 diversis
567 1991 663 2020 causis
679 1992 761 2028 quasi
780 1992 935 2028 subditos,
957 2000 1030 2028 quae
1044 2000 1122 2021 nunc
1141 1991 1171 2020 in
1192 1988 1363 2026 aequilibrio
1382 1986 1494 2023 positae
1516 1984 1751 2021 conspirantes*

1655 2043 1732 2064 nunc
