1940 2474
300 167 322 206 ’4
535 169 574 200 H.
640 169 676 201 C.
742 164 851 200 νῖιτ
918 178 1023 199 nnn
1087 169 1263 202 BOON
1327 170 1570 209 MESCH,

301 253 466 290 ganicotum
488 260 514 282 et
537 255 735 291 organicorum
755 255 931 284 terrestrium
953 255 1130 291 conditioni,
1152 255 1366 291 multiplicique
1388 257 1486 292 agenii
1511 256 1644 291 rationi‚-
1659 258 1742 294 plene
1764 267 1811 288 sa-

301 305 433 334 tisfacere
452 306 701 341 Atmosphaeram.
744 306 824 344 Quae
854 315 919 334 cum
945 307 984 334 ita
1007 306 1083 341 sint,
1114 308 1192 342 quod
1213 315 1275 334 nam
1300 307 1515 342 phaenomenon
1536 309 1626 344 majus
1648 309 1807 345 excogitari

301 362 399 392 potest
420 363 469 384 aut
492 356 652 391 illustrius,
676 365 760 392 quam
782 357 900 386 fluidum
926 357 1067 393 quoddam
1094 359 1128 386 ad
1155 359 1294 394 ingentem
1318 358 1496 386 altitudinem
1521 358 1698 388 circumdans
1722 361 1806 389 talem

298 413 469 442 tantumque
490 407 625 443 globum,
651 407 744 442 qualis
761 415 788 436 et
809 415 933 444 quantus
957 415 1001 437 est
1021 415 1118 437 nostra
1139 410 1243 443 tellus,
1266 415 1404 445 perpetuo
1423 409 1524 437 servari
1550 409 1645 438 idem?
1667 418 1716 439 aut
1737 411 1809 446 quid

298 457 451 493 pulchrius
473 465 500 486 et
514 459 724 493 admirabilius,
747 468 832 494 quam
855 459 995 496 ejusmodi
1018 459 1181 495 harmonia,
1204 469 1259 496 qua
1281 469 1313 488 ex
1334 459 1488 488 innumeris
1506 461 1656 488 cuntibus
1678 467 1705 489 et
1726 461 1810 490 effec-

299 509 399 545 tibus,
425 518 459 538 ex
483 517 580 538 mutua
603 510 826 546 Atmosphaerae
855 517 882 539 et
905 519 1060 547 corporum
1084 512 1256 540 terrestrium
1278 512 1361 547 quasi
1385 521 1481 548 pugna
1505 512 1593 547 ortis,
1623 512 1758 541 efficiatur
1783 519 1810 541 et

298 568 454 596 corporum
479 561 651 591 terrestrium
674 561 846 596 quorumvis
871 569 975 598 optata.
997 562 1194 598 sustentatio,v
1223 570 1249 591 et
1268 564 1497 599 .Atmosphacrae
1522 570 1658 592 constans
1688 564 1810 599 aequili-

298 611 404 640 brium.
428 629 457 635 —
481 612 596 650 Quibus
614 619 704 641 autem
720 613 819 641 mediis
838 613 893 641 hoc
907 614 1131 650 Atmospliaerae
1148 614 1347 650 aequilibrium
1362 614 1512 649 efficiatur,
1535 616 1680 651 quaeritur
1698 615 1726 644 in
1743 624 1810 651 pro·

299 663 396 698 posita
423 664 607 698 quaestione:
631 673 717 699 quare
743 671 774 692 ut
792 665 825 692 ad
844 664 916 692 hanc
937 665 1152 701 quaestionem,
1175 672 1313 701 quantum
1332 665 1362 694 in
1380 674 1424 694 me
1444 672 1508 702 est,
1530 666 1583 695 rite
1603 667 1812 703 respondeam,

299 712 330 742 in
354 721 480 750 quatuor
499 715 592 752 capita
615 723 785 752 responsum
804 715 948 750 dividam,
970 724 1094 752 quorum

361 816 386 844 Ι.
408 817 451 845 De
468 817 658 845 Phaenomeni
677 817 706 844 in
728 817 904 855 Quaestione
923 818 1039 846 indicati
1063 819 1180 848 veritate
1204 826 1277 856 aget.

351 867 389 895 ΙΙ.
410 868 454 896 De
478 867 593 901 mediis,
617 867 723 902 quibus
745 868 860 903 singula
883 868 1107 904 Atmosphaerae
1126 871 1269 906 principia
1290 870 1420 906 proxima
1438 871 1578 900 delentur.

335 917 386 946 ΙΙΙ.
408 919 451 946 De
472 918 592 952 medii-s,
615 919 721 953 quibus
743 918 858 954 singula
879 919 1104 955 Atmosphaerae
1121 921 1265 956 principia
1286 922 1414 957 proxima
1439 929 1580 951 creantur.

335 968 389 999 tv.
411 969 455 998 De
475 969 599 1005 mediis,
629 969 738 1005 quibus
757 969 978 1006 aequilibrium,
1006 971 1041 1000 de
1059 979 1120 1007 quo
1144 971 1174 1000 in
1197 971 1374 1011 Quaestione
1397 973 1508 1010 agitur,
1528 979 1696 1011 perpetuum
1719 981 1814 1003 serva-

410 1027 470 1052 tur.

777 1313 1157 1355 CAPUT
1293 1314 1328 1355 1.

497 1456 551 1489 DE¹
574 1457 822 1478 PRAENOMEN}
853 1458 894 1490 1121
923 1457 1373 1491 QUAESTIOVNEAINDICATI
1402 1456 1610 1489 VERITATm

1004 1611 1034 1646 S.
1076 1619 1103 1639 1.

298 1647 479 1728 Quamvis
507 1682 635 1712 mirabile
658 1684 898 1722 phaenomenon,
929 1695 990 1722 quo
1015 1692 1193 1715 constantem
1219 1694 1282 1715 esse
1311 1684 1523 1722 proportionem
1549 1683 1673 1718 partium
1695 1691 1813 1719 earum,

296 1740 368 1767 quae
391 1733 479 1760 aetem
504 1733 774 1771 Atmosphaericum
802 1737 1008 1771 constituunt,
1036 1737 1194 1772 indicatur,
1224 1737 1252 1765 in
1278 1735 1426 1773 proposita
1447 1735 1615 1770 quaestione
1640 1734 1677 1763 ita
1701 1734 1814 1763 assumi-

295 1782 444 1818 videatur,
467 1791 498 1812 ut
518 1785 570 1813 hae
592 1786 626 1814 de
648 1795 677 1815 re
699 1787 818 1816 dubium
846 1789 974 1823 supersit
995 1790 1128 1823 nullum3
1151 1788 1189 1816 rei
1211 1795 1302 1817 tamen
1326 1795 1384 1816 non
1406 1786 1526 1814 alienu-m
1550 1792 1638 1821 puto,
1661 1785 1685 1813 si
1708 1785 1811 1821 paucis

294 1833 351 1862 hoc
376 1835 590 1869 phaenomenon
615 1837 644 1865 in
666 1838 819 1873 multiplici
846 1838 980 1874 fidelique
1013 1847 1128 1869 naturae
1153 1838 1352 1868 observatione
1373 1837 1520 1865 fun-„latum
1536 1836 1687 1871 ›pi-obem,
1716 1835 1750 1864 ab
1773 1835 1809 1864 iis

295 1883 457 1920 incipiens,
479 1895 551 1921 quae
572 1888 607 1915 ad
632 1887 755 1917 indolem
773 1889 999 1925 Atmosphaerae
1016 1891 1181 1920 Chemicam
1203 1889 1431 1925 cognoscendam
1456 1887 1662 1922 requiruntur,
1684 1887 1755 1915 adeo
1775 1891 1811 1914 ut

295 1942 446 1974 appareat,
467 1937 537 1974 quid
556 1938 743 1976 potissimum
769 1939 800 1970 in
825 1941 1016 1977 sequentibus
1036 1941 1180 1978 capitibus
1202 1941 1272 1970 mihi
1291 1939 1541 1969 demonstrandum
1566 1937 1725 1967 incumbat.

1730 2037 1756 2075 ς.
1778 2045 1809 2066 2..

1928 0 1940 34 ,ι’-Δ
