1940 2474
389 159 927 192 .coMMENTATIO
985 159 1313 192 CHEMICA.
1582 162 1627 206 39

102 257 167 278 mm
185 247 376 285 absorptione
392 248 407 285 (
420 249 507 285 101).
556 247 612 277 Est
634 253 726 276 autem
750 246 796 275 his
820 246 898 276 vasis
921 247 949 275 id
979 256 1085 276 munus
1109 247 1296 284 impositum,
1326 256 1357 278 ut
1382 258 1415 278 cx
1443 248 1537 278 medio
1563 258 1626 285 quo

99 301 315 330 circumdantur
334 309 462 336 aquosos
483 308 607 336 vapores
628 298 683 328 sibi
705 305 866 327 assumant.

113 367 117 370 ·
139 353 266 382 Constat
296 351 371 380 enim
397 351 564 381 balneorum
587 359 646 380 usu
666 359 769 387 aquam
793 350 822 378 in
843 351 994 379 humorum
1018 360 1140 380 massam
1164 351 1267 381 intrare
1277 373 1291 386 ,Α
1315 352 1384 380 adeo
1411 360 1442 381 ut
1472 353 1627 390 glandulas

98 404 260 441 inguinales
282 410 473 432 tumescentes
497 413 552 433 usu
576 402 744 432 balneorum
763 402 865 431 viderit
889 403 1010 432 eximius
1037 412 1173 432 vasorum
1196 403 1443 440 lymphaticorum
1464 404 1628 441 investiga-‚

97 461 147 484 tor
165 463 193 484 et
213 456 341 492 scriptor
360 455 523 492 Mascagne
547 454 670 491 (102),
698 460 731 482 ut
763 463 871 490 corpus
896 455 1012 491 gravius
1036 455 1102 490 fiat,
1130 455 1227 491 iii-quit
1256 455 1462 493 SpreugelMs,
1492 462 1525 483 ut
1545 455 1624 492 poti-

98 507 156 536 bus
177 507 256 536 haud
275 513 374 544 egeat,
396 506 447 542 qui
466 507 512 535 vel
533 506 643 535 balneis
666 511 762 534 utatur
784 507 828 535 vel
849 506 879 535 in
900 507 961 535 aere
984 506 1102 535 humido
1125 507 1208 543 degat
1229 507 1310 543 (103
1321 508 1347 544 ).

135 558 210 586 Sunt
234 559 371 594 quidem,
394 558 444 594 qui
469 558 540 586 hanc
559 558 756 594 gravissimam
776 558 852 586 cutis
873 557 1053 586 functionem
1075 565 1196 595 negent:
1227 565 1320 587 narrat
1342 559 1391 587 CI.
1414 558 1439 587 T
1437 559 1585 587 homsonas
1603 567 1624 589 a

96 608 203 639 Currit
223 610 349 646 quodam
376 610 500 646 aliisque
523 609 657 638 instituta
685 596 973 646 experi1nenta‚'qui
996 609 1105 638 balneis
1131 609 1240 646 egressi
1270 610 1383 638 mulum
1409 610 1549 647 ponderis
1577 610 1624 638 in*

94 668 270 690 crementum
293 661 404 697 experti
423 668 512 697 sunt,
541 660 591 690 siti
615 667 710 689 mmen
733 661 827 690 sedata
848 661 968 698 (104)
997 661 1071 690 infra
1092 668 1186 690 autem
1215 662 1321 691 fatetur
1345 661 1407 698 ipse
1432 662 1457 690 T
1455 662 1626 700 hommum„

93 712 162 741 licet
184 721 251 741 vasa
272 719 391 741 cutanea
409 721 512 748 aquam
533 712 649 741 fluidam
669 721 729 740 non
750 720 894 741 assumere
909 712 1062 741 videantur
1080 721 1114 740 ex
1127 712 1258 748 balneis,
1280 721 1340 741 non
1362 713 1426 741 inde
1446 713 1548 748 sequi,
1571 722 1620 741 va-

94 772 126 792 sa
142 772 176 792 ex
196 765 256 792 aere
276 764 474 791 humiditatem
498 772 668 799 vaporosam
688 772 748 792 non
767 771 855 799 posse
874 764 1044 792 adsciscere.
1086 763 1165 802 Quid
1183 771 1277 793 autem
1300 764 1369 793 haec
1393 764 1584 800 experimenta
1603 772 1621 793 a

92 814 244 843 Tkomsono
267 815 352 844 relata
373 814 520 850 probant?
550 814 624 843 nihil
647 814 747 850 aliud,
777 823 861 851 quam
893 816 972 851 quod
1000 815 1030 844 id
1056 816 1136 851 quod
1165 816 1243 844 cutis
1265 816 1434 853 saepissime
1461 815 1532 844 facit
1558 823 1621 844 non

93 874 206 902 semper
228 865 324 895 faciat.
372 865 453 894 Nolo
474 866 576 902 itaque
596 865 699 894 horum
721 867 980 902 experimentorum
1000 866 1059 895 vim
1084 866 1259 904 infringere,
1281 876 1374 903 neque
1399 874 1518 896 centena
1539 866 1625 898 facta.

54 950 57 952 ,
94 926 247 948 memorare
266 918 392 954 (105),
422 925 495 952 quae
515 917 605 946 cutim
627 926 722 947 revera
743 926 872 954 aquosos
889 927 1011 955 vapores
1024 919 1251 955 Atmosphaerae
1273 920 1382 948 demere
1399 919 1537 955 probent.
1569 913 1620 948 Ad

92 970 161 999 haec
179 971 238 1007 jam
264 968 374 1006 egregie
397 968 548 1004 respondit
569 969 757 1007 ingeniosiss.
780 970 939 1006 Bimatra,
969 970 1026 1006 „il
1046 970 1110 1000 faut
1128 979 1168 1000 un
1192 971 1276 1008 degre
1299 971 1479 1006 determine,
1502 971 1622 1008 inquit„

94 1041 114 1056 „
133 1022 168 1050 de
190 1020 350 1050 sensibilite
374 1021 444 1049 dans
467 1021 492 1049 la
517 1029 589 1056 peau
613 1031 690 1058 pour
712 1022 906 1059 l'absorption
930 1022 965 1051 de
990 1023 1056 1051 telle
1080 1032 1119 1051 ou
1141 1023 1207 1051 telle
1228 1023 1399 1059 substance3
1430 1023 1623 1053 att-dessous,

94 1093 113 1107 „
134 1081 173 1100 ou
192 1073 358 1101 au-dessus
381 1073 416 1101 de
432 1080 464 1100 ce
484 1073 569 1109 degre
593 1074 633 1102 les
656 1073 814 1103 absorbans
836 1082 1008 1111 repoussent
1029 1082 1103 1104 cette
1119 1075 1286 1104 substance.
1326 1074 1412 1104 Ainsi
1434 1075 1507 1106 dans
1527 1076 1558 1103 le·
1572 1081 1623 1104 tu·

94 1144 113 1160 „
133 1123 170 1152 be
193 1124 363 1158 intestinal.,
384 1124 409 1152 si
430 1132 504 1153 vous
527 1125 638 1154 exaltez
654 1134 707 1161 par
729 1134 769 1154 un
788 1126 924 1163 purgatis
939 1128 965 1156 le
986 1127 1073 1164 degni
1094 1128 1128 1156 de
1148 1127 1311 1156 sensibilite
1334 1126 1477 1155 ordinaire
1498 1127 1548 1156 des
1569 1126 1625 1155 ab·

95 1195 114 1211 ‚,
135 1175 258 1204 sorbans
284 1176 395 1210 lactes,
422 1176 550 1205 aussitot
573 1176 609 1206 ils
631 1184 746 1207 cessent
765 1184 1024 1209 momentanement
1047 1179 1081 1208 de
1103 1179 1225 1215 prendre
1246 1179 1288 1208 les
1309 1178 1465 1214 boissons‚
1486 1179 1513 1207 le
1533 1178 1625 1214 chyle„

94 1247 113 1263 „
133 1233 161 1255 et
180 1233 247 1256 tout
266 1235 352 1264 passe
373 1236 423 1263 par
445 1227 549 1257 l’anus.
596 1228 640 1257 Or
659 1229 736 1258 mille
755 1238 855 1259 causes
879 1231 1006 1267 agissent
1030 1239 1097 1259 sans
1119 1239 1199 1260 cesse
1219 1239 1270 1259 sur
1293 1231 1322 1259 la
1341 1239 1431 1267 pean,
1453 1229 1534 1258 mille
1555 1228 1623 1257 irri-

93 1298 113 1314 „
132 1285 196 1306 tans
216 1285 286 1307 tour
305 1288 320 1307 a
341 1285 410 1308 tour
432 1279 586 1315 appliques
614 1288 665 1308 sur
683 1281 753 1310 elles
775 1281 841 1310 font
859 1283 875 1311 ὲ
901 1282 1013 1318 chaque
1032 1282 1142 1312 instant
1161 1282 1252 1311 variet
1271 1283 1297 1311 le
1317 1283 1403 1319 degre
1426 1283 1460 1311 de
1480 1282 1507 1310 la
1527 1280 1619 1310 sensi-

92 1349 112 1365 „
129 1329 213 1358 bilite
239 1330 415 1366 organique‚
446 1330 669 1367 l’augmentent‚
698 1333 726 1361 la
745 1332 906 1362 diminuent
927 1340 954 1363 et
980 1334 1148 1364 l'assortent
1168 1335 1203 1364 de
1227 1333 1303 1364 celui
1323 1333 1482 1365 necessaire
1503 1334 1521 1362 a
1547 1331 1625 1362 rab-

94 1399 113 1421 „
131 1380 267 1417 sorption
287 1381 368 1418 (106
378 1381 425 1418 ).’'

791 1461 819 1497 S.
859 1471 909 1497 40.

130 1533 185 1562 Sed
209 1541 270 1562 non
297 1540 409 1563 tantum
433 1543 507 1570 aqua
531 1535 641 1564 deletur
669 1535 857 1573 absorptione
882 1546 1016 1567 vasorum
1044 1546 1248 1574 cutaneorum,
1275 1547 1373 1568 verum
1397 1545 1424 1568 et
1449 1545 1566 1568 azotum
1585 1543 1617 1567 et

92 1585 277 1622 exygenium.
326 1585 471 1615 Memorat
496 1587 682 1625 Sprcngelius
707 1587 814 1627 (107)
845 1590 1073 1628 Ahar-aethium,
1102 1591 1261 1629 Physicum
1292 1591 1370 1623 omni
1397 1591 1452 1623 fide
1475 1591 1618 1629 dignum,

1548 1650 1618 1673 m-

117 1718 195 1745 (¹01)
209 1717 263 1739 Vid.
276 1717 366 1742 Honor.
380 1717 439 1744 Phys.
455 1719 535 1744 Elem,
551 1719 616 1741 Tom.
629 1720 658 1741 V·
675 1727 698 1748 p.
711 1726 749 1746 85.

117 1760 175 1783 (102
183 1761 191 1782 )
206 1759 340 1785 λῐιιιονανᾰ,
355 1757 444 1786 Plrysiol.
459 1765 496 1787 15·
510 1760 556 1782 edii
572 1762 581 1783 )
595 1761 664 1784 Tom.
674 1762 692 1783 1.
708 1769 732 1790 p.
744 1762 795 1788 263.

119 1801 132 1827 (
141 1803 197 1826 103)
212 1802 282 1822 [nuit.
295 1801 351 1821 Med.
361 1816 369 1827 ‚
387 1801 414 1824 T.
426 1802 452 1823 IL
471 1809 493 1829 p.
506 1801 543 1824 ⁶⁸.

120 1843 176 1866 (ιω
185 1847 194 1868 )
211 1843 321 1868 Tho-mn,
336 1843 353 1862 1.
366 1843 381 1864 Ι.
400 1843 464 1866 Τοιη.
477 1844 512 1865 lx.
530 1850 552 1870 p.
568 1849 617 1868 4ἰ.
631 1849 695 1871 seqq.

118 1885 192 1907 (105)
210 1883 261 1904 Vid.
279 1884 365 1909 muer,
381 1885 423 1905 1.1.
437 1890 485 1911 pag.
502 1884 529 1904 88
542 1890 564 1906 et
578 1886 614 1911 19.

119 1922 199 1950 (106)
213 1924 306 1947 Annum.
320 1926 385 1947 cum
401 1939 410 1951 ,
425 1925 481 1948 Torn
505 1927 544 1948 1v.
561 1933 583 1954 p.
596 1928 648 1953 695.

119 1966 194 1988 (ιον)
210 1965 261 1988 Inte.
274 1966 350 1994 Med„
364 1967 432 1990 Τοιι.
445 1967 472 1991 11.
485 1975 510 1996 p.
523 1968 559 1995 69·
575 1973 599 1992 et
611 1974 668 1997 quae
680 1969 757 1996 pulcra
768 1969 836 1994 habet
850 1969 972 1999 tiu-boue,
990 1970 1092 1994 rmum
1108 1971 1164 1993 uber,
1175 1971 1209 1993 die
1217 1970 1311 1999 gemm
1321 1969 1402 1994 Multi
1412 1975 1476 1998 ωτι,
1489 1969 1556 1992 '5⁰⁰²-
1569 1967 1604 1993 Ι·

89 2009 117 2033 ι-
134 2006 261 2034 ιεί-ιεο-
1391 2013 1394 2015 ’
1435 2015 1437 2017 “
1605 2006 1617 2017 “’
