1940 2474
297 177 343 220 46
532 180 570 210 Η.
636 182 670 212 C.
738 189 849 212 van
918 189 1023 211 1)sz
1085 177 1264 210 BOON
1329 180 1578 222 MEscn,*

301 286 320 303 ,‚
340 265 482 296 Zutrittes
507 266 555 295 des
575 265 656 295 einen
678 265 798 296 Lichtes
818 266 892 304 (des
916 266 1072 295 sauemden
1093 264 1252 304 Lichtes)‚
1278 273 1326 295 um
1349 266 1408 296 den
1435 267 1686 306 Sauerstoffgehalt
1703 267 1752 299 der
1771 268 1808 300 in·

304 338 321 354 „
341 318 387 347 die
418 317 493 346 Luft
522 318 749 354 »aussteigenden
777 317 1002 347 Wasserdunste
1028 317 1059 346 in
1083 316 1291 355 Sauerstoffgas
1320 317 1373 355 (in
1398 317 1605 357 luftformigen
1627 319 1810 359 Sauerstoff)

303 390 322 404 ‚‚
343 367 571 398 umzuschaffen.
612 368 762 404 UeberaH,
784 378 832 398 wo
856 369 1007 397 sauerndes
1033 367 1122 397 Licht
1141 368 1352 406 proportionirt
1373 369 1436 399 sich
1458 370 1510 399 mit
1528 370 1728 407 ponderabeler
1744 373 1809 402 Ma-

303 440 322 455 „
341 419 411 448 terie
430 419 597 455 ver-bindet,
623 421 751 449 entsteht
770 419 944 455 Sauerstoff‚
975 420 1035 449 und
1060 419 1150 449 durch
1172 420 1234 449 eine
1257 421 1405 450 Zunahme
1433 422 1483 450 des
1512 423 1667 451 sauernden
1689 422 1810 453 Lichtes

304 491 323 506 „
343 470 491 508 (welches
513 470 559 499 ich
579 470 679 500 friiher
703 471 845 508 positives
873 471 963 500 Licht
992 477 1114 509 genannt
1141 472 1234 509 habe)
1263 474 1389 503 entsteht
1415 472 1662 510 Sauerstoffgas.”
1700 474 1814 503 Cohae-

301 527 365 550 rent
382 521 450 550 haec
473 530 540 551 cum
562 521 614 557 iis,
636 531 708 559 quae
725 523 760 552 de
775 523 850 552 lucis
876 529 904 552 et
925 522 1007 554 fluidi
1028 521 1163 552 Electrici
1190 524 1304 553 materia
1335 524 1455 554 locutus
1478 530 1536 553 erat
1559 524 1674 554 Auctor
1702 526 1732 562 §-
1754 532 1819 562 149'

302 579 332 602 et
354 573 385 609 §.
404 580 487 610 159.‚
508 581 608 602 verum
629 573 721 603 fateor
743 574 814 603 mibi
836 575 904 604 haec
927 574 1084 604 difficiliora
1103 583 1136 603 ac
1161 575 1327 605 obscuriora
1348 584 1421 605 esse.

341 624 438 663 Quare
460 624 533 654 hanc
554 625 718 662 relinquens
743 627 931 662 sententiam,
953 627 988 656 ad
1008 627 1122 655 alteram
1140 632 1272 663 transeo,
1293 627 1490 657 recentissImo
1508 632 1636 664 tempore
1657 627 1811 664 prolatam}

347 696 366 711 ‚‚
385 675 433 704 De
456 676 544 705 Luc’s
559 667 810 715 Voiaussetsung,
834 678 997 707 verbunden
1012 678 1064 706 mit
1078 679 1127 708 der
1142 686 1232 708 neuen
1243 678 1427 716 Erffihrung,
1448 680 1513 708 dass
1526 678 1745 707 Wasser-stoff
1756 678 1816 708 und

309 743 330 761 ‚,
349 726 489 756 Stikstoff
504 728 598 764 oxyde
621 727 696 757 eines
716 730 775 758 und
797 729 946 758 desselben
967 730 1092 766 Korpers
1115 729 1198 766 sind,
1228 730 1296 759 hilft
1311 731 1373 760 hier
1393 731 1490 759 besser
1507 738 1558 759 aus
1581 730 1636 758 den
1657 729 1814 765 DunkeIn,

307 797 327 813 „
347 778 389 806 als
413 777 458 806 die
482 777 595 807 fruhere
622 780 779 810 Kenntniss
804 782 854 810 der
876 780 1081 818 Abscheidung
1109 782 1158 810 des
1176 781 1337 811 Sauerstoff
1364 790 1432 810 auss
1465 782 1518 810 den
1548 789 1657 818 grunen
1682 780 1818 810 Pflanzen

309 847 328 864 „
349 829 462 858 bliitter.
502 830 545 858 Es
567 830 663 858 durfte
682 832 766 860 daher
781 839 836 861 nur
854 833 900 861 ein
922 832 1115 861 Electrischer
1130 840 1189 861 von
1202 832 1291 862 Licht
1307 838 1494 862 unterstuster
1513 832 1634 862 Process
1654 832 1708 861 den
1732 831 1818 860 Was-

310 899 330 915 ,‚
351 880 487 908 serduhst
510 880 541 909 in
561 880 641 909 seine
659 881 761 911 Theile
782 883 911 920 zerlegen
927 884 988 912 und
1002 884 1051 912 der
1066 889 1211 920 getrennte
1224 883 1417 913 Wassetstoff
1435 883 1512 913 noch
1534 892 1569 913 so
1588 883 1644 913 viel
1660 882 1823 913 Sauerstoff

311 949 331 967 „
351 930 528 967 annehmen‚
553 931 609 961 wie
631 941 660 961 er
679 934 721 962 als
741 933 882 963 Stikstoff
901 934 1004 971 nothig
1025 934 1106 969 batt,
1128 943 1162 964 so
1181 942 1256 963 ware
1276 935 1322 963 die
1340 934 1558 972 unverseigbare
1577 935 1681 973 Quelle
1699 935 1748 964 des
1764 934 1819 963 Αἰ·

312 1002 333 1017 „
352 981 590 1019 mespharischen
618 983 781 1013 Sauerstoff
801 985 831 1015 in
850 986 904 1014 den
928 985 1047 1015 Wasser
1069 987 1118 1014 der
1141 986 1218 1015 Erde
1240 984 1383 1023 gesunden
1404 986 1498 1024 (ιο).
1509 985 1528 997 ”
1566 985 1674 1014 Verum
1698 984 1819 1014 assumit

310 1032 443 1069 Auctor,
462 1041 536 1069 quae
559 1034 590 1063 ni
613 1034 698 1064 fallor
716 1036 845 1065 nondum
867 1044 1018 1066 assumunt
1035 1037 1184 1073 Chemici3
1213 1037 1323 1066 scilicet
1345 1045 1396 1074 gaz
1418 1037 1627 1074 hydrogenium
1645 1042 1673 1065 et
1693 1035 1820 1072 oxydum

311 1084 388 1113 azoti
411 1093 495 1113 unam
513 1085 687 1121 eandemque
710 1094 772 1115 esse
792 1088 945 1116 materiem.
994 1088 1069 1117 Cum
1094 1088 1191 1123 itaque
1211 1096 1270 1116 non
1295 1088 1481 1116 admittantur
1497 1088 1669 1124 praemissa,
1697 1094 1756 1115 non
1773 1086 1822 1114 ad-

313 1134 439 1164 mittitur
458 1136 627 1165 conclusio:
649 1144 789 1172 praeterea
810 1146 869 1167 non
891 1139 998 1168 indicat
1012 1139 1141 1173 Auctor,
1165 1139 1240 1167 unde
1259 1138 1341 1167 fluidi
1359 1137 1496 1167 Electrici
1518 1137 1563 1166 vis
1589 1137 1713 1172 oriatur,
1735 1144 1822 1172 quam

313 1194 403 1222 aquae
432 1195 567 1223 vaporem
597 1188 804 1225 decomponere
833 1188 966 1217 assumit.
986 1207 1020 1213 -
1039 1189 1109 1218 Non
1137 1189 1233 1225 itaque
1260 1188 1313 1217 hae
1342 1189 1414 1218 duae
1442 1188 1599 1219 sententiae
1618 1188 1715 1217 fontes
1735 1194 1818 1216 mon-

311 1243 420 1274 strant,
443 1237 551 1274 quibus
571 1239 694 1269 deletum
719 1248 772 1277 gaz
796 1240 969 1278 oxy-genium
991 1240 1219 1277 Atmosphaerae
1235 1240 1373 1270 redditur.
1664 1236 1665 1239 ’

1006 1318 1035 1353 §-
1075 1326 1125 1353 47-

353 1390 509 1428 Proposuir
529 1392 585 1429 jam
609 1399 673 1421 ante
695 1393 808 1429 aliquot
831 1402 922 1422 annos
950 1393 1006 1422 hoc
1026 1394 1059 1422 de
1082 1392 1162 1422 fonte
1189 1393 1385 1429 quaestionem
1407 1391 1551 1421 Nobiliss.
1576 1390 1702 1420 Societas
1725 1389 1825 1420 Scien-

315 1441 419 1471 tiarum
441 1442 654 1478 Harlemensss,
675 1452 772 1472 verum
795 1445 872 1473 hunc
896 1453 989 1480 usque
1011 1444 1041 1472 in
1063 1444 1135 1472 diem
1157 1444 1193 1472 ad
1223 1444 1295 1472 hanc
1319 1450 1402 1472 nemo
1424 1444 1462 1472 ita
1493 1442 1659 1479 respondit,
1687 1448 1720 1470 ut
1742 1448 1825 1479 prae-

316 1493 404 1521 mium
427 1495 622 1530 reportaverit.
666 1495 723 1523 Vix
739 1504 805 1531 crgo
828 1504 881 1532 ego
898 1496 943 1524 vel
959 1496 1088 1524 auderem
1110 1495 1139 1522 in
1159 1502 1268 1523 arenam
1286 1495 1419 1531 prodire,
1436 1502 1602 1531 proponens
1624 1500 1683 1522 non
1706 1492 1821 1529 quidem

315 1545 427 1580 plenam
448 1545 631 1581 problematis
661 1546 750 1583 hujus
779 1547 973 1581 solutionem,
1001 1548 1100 1574 verum
1129 1545 1326 1582 hypothesin,
1355 1553 1446 1582 quae,
1470 1545 1566 1582 aliqua
1589 1545 1688 1574 saltem
1712 1544 1825 1573 rationo

313 1593 344 1623 in
362 1595 488 1624 Naturae
510 1596 710 1626 observatione
729 1597 865 1632 fundata,
888 1597 997 1632 aliquas
1021 1596 1134 1625 videtur
1153 1596 1255 1625 habere
1275 1603 1388 1633 partes,
1411 1597 1520 1633 quibus
1543 1596 1673 1631 factum,
1703 1595 1738 1624 de
1762 1600 1825 1631 quo

315 1646 462 1682 quaeritur
483 1646 659 1683 illustretur3
682 1647 740 1676 nisi
763 1647 792 1676 in
815 1654 936 1676 mentem
959 1656 1116 1677 revocarem
1140 1648 1174 1676 de
1195 1647 1348 1684 proposito
1369 1648 1509 1685 judicium
1532 1655 1594 1677 esse
1612 1654 1699 1683 penes
1721 1645 1823 1681 benig-

313 1703 368 1727 nos
392 1697 420 1726 in
441 1698 557 1734 juvenes
575 1698 700 1735 Judices.

351 1748 492 1787 Quamvis
520 1749 659 1779 mirabilis
690 1757 834 1780 structura
863 1751 1008 1786 planetae,
1047 1750 1130 1787 cujus
1160 1749 1338 1787 superficiem
1366 1749 1527 1779 habitamus
1544 1769 1553 1785 ,
1582 1755 1684 1785 pamm
1711 1752 1823 1776 tantum

313 1807 526 1836 cognoscatur,
547 1801 616 1830 satis
634 1807 726 1830 tamen
748 1802 902 1836 novimus,
931 1801 1178 1830 consentientibus
1205 1801 1340 1830 omnibus
1365 1801 1516 1838 Physicis,
1545 1802 1605 1838 ejus
1634 1798 1825 1835 compositio·

316 1858 379 1879 nem
400 1859 462 1892 esse
483 1859 648 1882 stratosam.
689 1853 782 1882 Strata
805 1852 938 1881 nimirum
967 1852 1160 1882 diversissime
1190 1852 1348 1889 composita
1373 1861 1422 1889 per
1445 1852 1523 1880 vices
1549 1851 1738 1888 imponuntur
1754 1849 1824 1878 den-

1763 1908 1825 1929 mo-

339 2001 405 2031 (ιο)
424 2002 517 2023 Tamum
531 2004 604 2024 Tmlu
616 2004 806 2032 amymonem,
823 2004 885 2026 1816.
901 2006 965 2027 Τοπι.
978 2004 994 2025 Ι.
1012 2011 1034 2032 p.
1053 2009 1101 2031 ¹7⁰·
