1940 2474
299 162 339 197 58
529 164 569 195 Η.
634 163 671 197 C.
736 171 846 193 van
912 168 1017 191 nun
1083 159 1261 191 Boon
1325 159 1576 203 MESCH,

301 257 377 285 reat,
408 257 464 285 qua
485 248 614 284 ratione,
643 248 667 277 si
691 248 761 283 quid
792 247 895 276 horum
920 247 1060 282 abundet,
1086 246 1277 283 proportione
1302 245 1431 283 disrupta
1455 256 1472 276 e
1497 248 1590 278 medio
1615 250 1754 286 tollatur,
1781 249 1811 280 θὶ

305 300 376 336 quid
399 300 589 335 desideretur,
618 299 782 335 recipiatur.
804 315 843 320 -
862 298 950 336 Quod
976 298 1001 326 si
1022 298 1090 326 haec
1118 292 1208 326 media
1238 297 1349 334 omnia,
1377 307 1449 335 quae
1469 300 1526 328 huc
1549 299 1677 337 faciunt,
1706 300 1814 332 fuerint

304 351 451 388 exposita3
474 359 508 379 eo
527 350 592 386 ipso
615 349 781 386 constabit,
803 350 929 378 sufficere
950 350 1017 378 haec
1037 350 1073 377 ad
1090 349 1326 386 phaenomenon,
1348 350 1382 379 de
1404 360 1464 387 quo
1485 352 1596 389 agitur,
1619 353 1813 390 efficiendum,

305 403 378 431 hanc
397 403 435 431 ob
458 410 572 431 causam
597 402 676 438 quod
699 402 916 438 phaenomenou
939 402 1035 430 locum
1060 401 1175 430 habeat,

1004 480 1035 515 ς,
1074 479 1127 514 64.

345 554 470 585 Primum
492 554 637 591 medium,
666 563 725 591 quo
747 556 955 593 principiorum
980 562 1200 585 memoratorum
1226 555 1428 592 aequilibrium
1453 562 1599 592 servatur,
1626 563 1669 586 est
1687 557 1817 587 determi-

305 614 371 638 nata
394 607 514 636 affinitas
537 607 747 644 principiorum
766 609 854 636 aerem
875 608 1146 645 Atmosphaerieum
1170 607 1420 636 consumentium.

343 659 426 687 Prius
454 665 564 694 autem,
588 668 677 695 quum
706 659 775 694 quid
796 660 830 688 ab
847 660 898 688 hac
920 667 998 696 parte
1018 658 1086 694 fiat,
1108 665 1249 694 exponere
1274 657 1372 693 liceat,
1394 656 1508 686 videtur
1532 659 1711 687 memoranda
1736 665 1824 695 gene*

307 710 375 740 ralis
402 710 528 739 Naturae
551 712 595 739 lex
620 711 653 739 de
670 711 854 740 determinata
875 711 1018 739 affinitate.

346 761 388 790 Ut
421 762 516 791 omnia
544 769 660 791 naturae
685 771 806 799 corpora
822 783 832 797 ,
859 761 1047 798 singulaeque
1065 768 1219 796 corporum
1243 760 1423 795 moleculae,
1445 761 1473 789 vi
1498 762 1677 790 attractionis
1700 763 1822 799 conjun-

305 821 432 851 guntur,
455 815 492 842 ita
510 815 577 843 haec
597 815 659 849 vis,
677 824 731 851 pro
752 814 827 842 varia
842 821 870 842 et
886 821 1041 849 corporum
1060 819 1088 840 et
1110 812 1313 840 molecularurn
1335 818 1454 847 natura,
1479 812 1616 842 diversum
1634 813 1820 842 affinitatibus

306 865 422 901 praebet
444 865 601 901 originem3
633 873 703 901 quae
734 865 881 893 affinitates
903 870 932 892 et
958 870 1026 893 sunt
1051 864 1180 893 diversae
1207 870 1233 892 et
1261 863 1375 891 diverso
1406 863 1491 891 modo
1525 864 1660 892 limitatae
1682 865 1760 901 (ι).
1784 879 1822 886 -

306 916 363 945 Est
386 924 418 944 ex
442 915 494 943 hac
526 915 718 950 limitatione,
745 914 825 950 quod
850 920 991 950 punctum
1013 914 1196 943 saturationis
1218 914 1247 942 in
1272 913 1470 942 solutionibus
1496 922 1647 949 nascatur,
1676 915 1731 943 hoc
1758 921 1820 951 est,

310 967 391 1003 quod
416 975 536 1002 corpora
554 966 698 1002 Naturae,
722 974 842 1003 quarum
868 965 1025 994 moleculae
1049 965 1122 993 inter
1143 973 1174 993 se
1195 965 1292 994 colant
1314 964 1494 999 affinitatem,
1521 974 1580 993 non
1600 966 1678 993 omni
1699 975 1828 1002 propor-

307 1018 388 1047 tione
411 1018 533 1046 invicem
560 1019 675 1054 possint
697 1019 786 1047 solvi.
808 1034 847 1041 —
867 1016 952 1045 Ultra
976 1016 1004 1044 id
1025 1022 1167 1052 punctum
1190 1015 1376 1044 saturationis
1399 1023 1523 1051 possunt
1543 1016 1703 1045 solutiones
1720 1018 1764 1045 vel
1788 1018 1824 1046 de

309 1068 366 1098 hoc
391 1070 436 1098 vel
457 1070 507 1098 illo
532 1070 679 1099 connubio
703 1069 814 1105 aliquid
837 1076 996 1102 assumere;
1023 1068 1078 1096 hoc
1106 1075 1173 1096 vero
1194 1075 1228 1095 eo
1252 1066 1356 1095 minori
1386 1066 1417 1094 vi
1446 1067 1622 1103 adhaerebit,
1652 1076 1712 1103 quo
1730 1069 1826 1105 magis-

305 1131 322 1151 a
343 1128 454 1161 puncto
474 1121 659 1150 saturationis
683 1120 828 1149 recesserit
856 1119 992 1148 accedens
1015 1118 1110 1155 copia.
1150 1118 1322 1154 proportio,
1345 1126 1402 1153 qua
1421 1118 1467 1147 vis
1490 1119 1521 1147 in
1540 1119 1674 1147 unionem
1696 1120 1830 1150 omnium.

309 1172 496 1202 fortissimam
513 1173 603 1201 tendit
623 1173 652 1202 in
675 1173 710 1201 iis
730 1171 921 1208 corporibus,
943 1178 1015 1206 quae
1034 1170 1103 1198 salia
1125 1169 1269 1204 formant,
1297 1175 1340 1197 est
1362 1168 1395 1197 in
1416 1177 1450 1199 eo
1475 1176 1575 1206 statu,
1600 1170 1628 1198 in
1648 1179 1713 1206 quo·
1732 1178 1833 1208 partes

310 1223 524 1253 constituentes
550 1226 593 1253 sal
616 1225 740 1253 medium
759 1224 802 1253 vel
824 1229 956 1252 neutrum
978 1222 1113 1250 efficiunt.
1141 1238 1178 1242 —
1207 1221 1315 1249 Verum
1337 1229 1395 1249 non
1418 1221 1458 1250 ita
1481 1230 1591 1257 semper
1615 1230 1675 1250 sese
1694 1222 1762 1251 haec
1782 1231 1831 1254 res

311 1275 416 1311 habet,
436 1276 504 1304 dum
528 1275 575 1304 vis
595 1284 626 1304 ea
650 1276 767 1305 unionis
794 1274 913 1303 maxima
938 1275 972 1303 ad
993 1280 1099 1303 statum
1130 1273 1199 1302 salis
1226 1272 1311 1300 medii
1338 1272 1444 1300 aciduli
1473 1274 1518 1301 vel
1545 1273 1742 1301 alcalescentis
1765 1282 1832 1310 per·

313 1327 397 1356 tinet.
438 1327 563 1356 Alumen
584 1327 700 1363 praebet
722 1327 902 1363 exemplum:
926 1326 1040 1354 acidum
1057 1324 1258 1361 sulphuricum
1284 1332 1350 1351 cum
1373 1330 1444 1351 terra
1466 1323 1590 1351 aluinina
1612 1325 1745 1360 junctum
1768 1333 1831 1353 non

313 1379 392 1408 eain
416 1378 604 1415 proportione
626 1387 737 1406 summa
759 1378 788 1406 vi
807 1377 958 1415 jungitur,
982 1385 1038 1411 qua
1065 1376 1184 1411 sulphas
1210 1374 1350 1403 aluminae
1374 1373 1534 1410 formatur,
1563 1375 1613 1403 sed
1643 1383 1699 1410 qua
1725 1374 1834 1404 forma·

313 1436 362 1458 tur
382 1431 501 1466 sulphas
525 1430 666 1458 aluminae
681 1429 813 1463 acidum,
835 1429 896 1457 sive
912 1429 1026 1455 alumen
1042 1428 1184 1461 crudum,
1206 1427 1338 1462 vulgare.
1371 1425 1455 1453 Ultra
1477 1425 1548 1454 hanc
1564 1426 1782 1462 proportionem
1804 1426 1829 1455 si

314 1481 449 1518 adJeceris
472 1480 584 1509 acidum
601 1480 822 1516 sulphuricum,
853 1480 908 1507 hoc
933 1477 1108 1513 expellitur,
1134 1479 1180 1505 vel
1206 1477 1285 1512 quod
1307 1477 1405 1505 codem
1432 1476 1521 1511 redit,
1552 1477 1581 1505 in
1606 1477 1707 1506 lixivio
1731 1478 1829 1510 matris

315 1540 454 1568 remanet,
482 1532 596 1568 quoties
622 1530 713 1560 nimio
743 1530 825 1560 acido
855 1536 994 1559 onustum
1023 1529 1135 1557 alumen
1169 1535 1239 1565 post
1267 1527 1443 1556 solutionem
1473 1536 1564 1557 novae
1594 1529 1835 1565 crystallisationiz

317 1585 484 1621 subjicitur.

353 1636 506 1674 Quidquid
523 1636 581 1669 sit,
611 1636 682 1671 legis
710 1633 836 1662 Naturae
866 1633 955 1662 instar
983 1640 1088 1669 ponere
1108 1631 1194 1667 licet,
1220 1630 1383 1667 principia,
1406 1639 1458 1659 nec
1480 1639 1538 1659 non
1559 1638 1673 1659 naturae
1693 1640 1835 1667 corpora,

317 1697 390 1724 quae
414 1688 447 1716 ad
468 1695 499 1715 se
527 1687 646 1715 invicem
676 1686 837 1714 affinitatem
862 1685 991 1719 habent,
1026 1684 1089 1711 data
1116 1683 1210 1718 aliqua
1240 1683 1445 1718 proportione,
1473 1682 1544 1709 inter
1568 1683 1699 1719 sejungi
1731 1683 1759 1711 vi
1790 1690 1834 1711 at·

315 1740 484 1774 tractionis,
508 1747 580 1775 quae
600 1737 741 1766 minuitur
760 1737 787 1765 in
813 1737 940 1770 ratione,
971 1744 1027 1770 qua
1054 1734 1207 1771 proportio
1229 1733 1455 1770 compositioniS
1482 1733 1570 1770 magis
1596 1733 1630 1761 ab
1653 1743 1682 1763 ca
1711 1743 1834 1764 recesse-

316 1792 373 1828 rit,
395 1801 452 1828 qua
475 1791 521 1820 vis
545 1790 660 1819 unionis
686 1788 815 1818 omnium
840 1794 883 1816 est
906 1787 1076 1816 fortissima.

1780 1838 1836 1867 Po·

318 1950 321 1953 ·
349 1949 400 1978 (1)
415 1948 467 1973 vm,
483 1949 548 1972 Em„
562 1949 586 1971 ι,
598 1946 724 1975 pmfflpki.
737 1945 857 1974 chimtfua,
870 1949 912 1973 par
926 1944 956 1967 Π.
971 1943 1044 1971 Dory,
1059 1943 1110 1966 Vol.
1125 1942 1143 1965 1-
1159 1947 1210 1970 pog-
1222 1943 1325 1970 67-81.
1341 1941 1379 1963 ubi
1393 1941 1465 1964 multis
1483 1941 1592 1970 exemplis
1610 1941 1665 1965 hanc
1677 1947 1724 1965 rem
1738 1941 1831 1965 munna

321 1992 368 2016 Vir.
385 1993 419 2016 m.

1900 0 1940 202 ἓ

1925 206 1940 231 9⁴

1924 236 1936 254 ρ.
