1960 2500
325 180 373 218 53
777 165 1392 220 J.vi1vVOORST

326 273 711 327 Lugdano-Batavcze
739 268 939 320 praemium
968 265 1211 315 adjudicantis
1238 270 1277 304 in
1306 281 1369 305 ora
1394 268 1489 305 facta
1516 276 1570 306 est
1599 274 1743 310 mentio.
1804 276 1850 312 In

328 341 473 377 inverso
497 338 607 373 latere
627 332 790 379 coronati·
812 331 994 379 cujusque
1017 328 1161 377 juvenis
1189 330 1413 380 insculptum
1442 339 1495 368 est
1523 345 1671 380 nomen,
1699 335 1757 371 his
1785 335 1851 373 ad.

326 401 491 448 scriptis:
529 397 577 434 In
596 395 798 432 certamine
819 392 1013 429 Literarz'o
1032 390 1267 428 Eruditioris
1290 392 1502 431 Juventutis
1521 395 1697 444 Belgicae
1720 399 1853 436 victori

328 463 522 500 doctrinae
560 470 655 495 anno
673 484 683 494 .
705 485 714 493 .
737 482 748 495 .
772 484 781 494 .
809 458 1032 506 praemium.
1078 453 1167 498 Quo
1186 454 1330 503 quidem
1349 458 1511 505 praemio
1532 466 1572 494 ut
1590 458 1668 495 Vos
1691 460 1858 508 singulos

332 523 520 567 decorem,
551 519 630 566 Te,
661 518 730 556 Vir
759 518 997 564 Clarissimo,
1023 517 1088 566 qui
1114 516 1264 553 Senatui
1293 517 1338 554 ab
1365 520 1456 556 actis
1485 533 1522 556 es
1532 548 1545 566 ‚
1573 533 1685 570 rogo,
1713 529 1754 558 ut
1784 521 1848 557 de-

336 587 563 634 signatorum
590 595 635 618 ex
662 582 740 630 lege
761 580 934 616 Judicum
960 579 1004 615 de
1034 579 1245 627 conscriptis
1273 579 1341 617 hoc
1374 595 1467 617 anno
1502 582 1858 619 commentationibus

335 647 554 690 sententias,
583 653 615 681 et
642 642 927 680 coronandorum
945 641 1125 678 Juvenum
1149 642 1294 678 nomina
1325 643 1443 679 edicas
1474 651 1506 679 et
1521 645 1752 693 promulges3
1782 643 1858 681 Vos

336 718 450 754 vero,
484 704 786 755 praestantissimi
814 705 993 752 juvenes,
1022 711 1063 740 ut
1091 703 1227 752 singuli
1255 717 1324 742 suo
1349 705 1500 744 recitato
1526 707 1670 744 nomine
1700 705 1774 742 huc
1799 718 1861 745 ace.

342 771 479 808 cedatis
504 771 588 820 μ).

1050 904 1163 917 Ἀ

391 1014 609 1054 'Academiae
635 1012 748 1049 Cives
780 1010 1060 1056 humanissimi,
1087 1011 1156 1047 hoc
1181 1010 1239 1046 die
1260 1016 1422 1048 actorum
1447 1013 1656 1048 memoriam
1673 1012 1778 1049 nulla
1794 1022 1866 1050 uni

346 1087 458 1127 quam
479 1076 595 1114 deleat
613 1073 764 1111 obhvio.
814 1073 890 1110 Vos
917 1072 1064 1122 quidem
1087 1071 1242 1109 libenter
1267 1087 1346 1110 eam
1374 1076 1623 1112 conservaturi
1647 1076 1755 1122 estis,
1783 1075 1867 1124 qui-

343 1137 418 1173 bus
448 1136 592 1185 publice
617 1136 763 1172 laudari
790 1143 825 1172 et
849 1136 1023 1172 honorari
1049 1136 1218 1184 contigit3
1253 1144 1289 1172 et
1313 1137 1388 1185 jam
1414 1137 1451 1173 in
1475 1137 1646 1173 manibus
1677 1145 1731 1173 est
1759 1149 1869 1185 prae-

348 1202 484 1247 mium,
512 1201 620 1248 cujus
644 1200 899 1249 quotidianum
921 1201 1131 1249 adspectum
1154 1213 1225 1236 non
1255 1199 1379 1236 dubito
1398 1200 1485 1248 quin
1509 1199 1555 1236 ad
1583 1199 1743 1235 acuenda
1767 1186 1870 1246 inge-

349 1265 412 1301 nia
423 1279 439 1310 ,¹
462 1271 497 1299 et
513 1265 629 1299 multo
651 1263 768 1311 magis
794 1262 1075 1299 inflammandos
1103 1264 1261 1308 animos,
1290 1262 1458 1298 continuo
1484 1261 1653 1297 alacriter
1671 1258 1873 1296 adhibituri

350 1326 444 1362 sitis.
499 1329 626 1375 ltaque
663 1327 799 1374 accepti
834 1326 983 1363 honoris
1018 1328 1202 1364 fortunam
1220 1353 1232 1371 ‚
1272 1332 1312 1360 ut
1343 1335 1535 1373 generosos
1564 1323 1717 1370 juvenes
1747 1321 1870 1366 decet,

352 1385 467 1432 ferte,
497 1395 531 1422 et
550 1387 691 1435 Optimi
713 1387 826 1436 Regis
842 1416 853 1433 ‚
881 1388 1042 1425 beneficii
1069 1390 1106 1425 in
1133 1389 1208 1425 Vos
1230 1388 1353 1424 collati
1382 1388 1565 1432 auctoris,
1592 1383 1871 1421 munificentiam

352 1455 390 1485 et
408 1448 596 1484 literarum
618 1461 772 1485 amorem
800 1459 904 1498 grata
932 1459 1048 1487 mente
1075 1451 1282 1500 agnoscite,
1311 1449 1464 1497 ejusque
1482 1447 1702 1484 liberalitate
1733 1443 1872 1480 incitati

353 1517 390 1545 et
417 1510 628 1555 exhilarati,
657 1512 818 1546 certatim
846 1511 892 1546 ad
926 1512 1064 1558 majora
1096 1512 1295 1548 contendite
1322 1519 1355 1547 et
1375 1511 1570 1558 adspirate.
1623 1506 1870 1544 nonorificum

353 1570 400 1606 de
418 1570 533 1607 Vobis
552 1571 729 1617 judicium
748 1572 850 1607 nulla
867 1572 1004 1607 ratione
1022 1574 1160 1618 fallite,
1189 1582 1222 1609 et
1242 1585 1329 1609 vero
1351 1571 1426 1608 Vos
1455 1571 1599 1607 omnino
1619 1569 1748 1617 dignos
1763 1579 1870 1616 prae-

356 1629 461 1676 bete,
490 1632 626 1680 quibus
657 1632 773 1681 Regia
799 1633 1002 1681 benignitas
1029 1635 1065 1669 in
1094 1642 1277 1681 posterum
1310 1635 1484 1682 majorem
1504 1631 1542 1668 in
1560 1629 1705 1665 modum
1726 1628 1873 1664 demon-

363 1700 510 1728 stretur.
560 1694 680 1740 Cujus
701 1695 847 1743 quidem
869 1696 1026 1744 augendi
1045 1696 1192 1734 honoris
1209 1695 1506 1746 Augustissimus
1531 1692 1613 1729 Rex
1633 1689 1780 1741 publice
1805 1688 1872 1725 da-

359 1760 399 1791 ta
416 1753 484 1790 fide
504 1766 602 1802 spem
619 1755 703 1792 fecit
720 1756 817 1792 haud
839 1755 1000 1794 dubiam.

1778 1812 1872 1849 Sunt

406 1945 474 1987 (Ἣ
497 1949 674 1990 Antequam
707 1949 746 1981 ad
773 1961 884 1982 omnes
910 1958 1149 1986 converteretur
1180 1954 1304 1994 oratio,
1332 1963 1432 1996 pauca
1459 1950 1595 1994 singulis
1622 1948 1663 1980 ad
1691 1942 1870 1990 accipienda

362 2007 498 2044 praemia.
522 2005 633 2036 ordine
656 2007 900 2040 adventantibus
922 2009 1005 2042 dicta
1027 2018 1113 2044 sunt.
