1960 2500
683 138 1147 179 ORATIO.
1635 166 1684 201 29

158 243 292 281 sensim
321 240 526 290 sensimque
551 246 584 275 et
609 238 870 276 humanitatem
893 247 926 276 et
949 239 1104 276 salutem
1130 241 1327 280 humanam
1357 246 1475 283 animo
1490 260 1675 299 propono,

157 315 191 343 et
209 307 277 341 hac
295 317 358 353 spe
377 303 520 339 exsulto
534 330 546 348 ‚
574 302 632 337 his
650 302 700 337 ita
717 301 884 351 gerendis
904 301 1048 339 beatam
1065 304 1168 340 illam
1191 308 1477 357 appropinquari
1496 321 1646 349 aetatem
1660 343 1673 361 ,

156 380 229 417 qua
253 368 413 403 omnium
439 365 600 415 gentium
627 365 665 399 in
694 364 844 400 colendo
871 364 952 400 Deo
974 365 1124 414 Optimo
1141 367 1326 415 Maximo,
1355 379 1388 406 et
1406 372 1541 409 divinis
1563 389 1676 425 aeque

155 439 265 479 arque
288 429 457 465 humanis
483 435 605 464 sancte
629 427 792 463 tenendis
811 435 844 463 et
864 426 1103 466 observandis
1124 429 1290 480 legibus,
1317 432 1551 480 plenissimus
1573 438 1683 474 sutu-.

150 508 217 531 rus
244 495 288 531 sit
314 505 525 530 consensus.
976 524 979 526 .

198 557 330 593 Beatos
359 568 447 602 nos,
475 553 613 604 quibus
645 561 680 590 et
703 567 723 590 a
750 554 816 590 tali
843 554 921 603 regi
946 553 1115 604 Principe
1139 557 1336 606 contingit,
1365 571 1386 594 a
1409 560 1517 607 cujus
1535 562 1676 601 sincero

148 621 354 670 Religionis
379 631 521 663 amore,
550 617 785 666 ejusdemque
803 617 900 653 omni
926 630 1014 653 cura
1035 626 1069 653 et
1090 619 1304 667 cogitatione
1324 621 1474 658 tuendae
1495 632 1528 659 et
1539 623 1676 662 'conde-

147 683 347 728 ecrandae,
377 690 410 718 et
428 683 465 717 in
481 680 682 729 provinciis
700 680 834 715 exteris
846 708 858 725 ,
885 692 999 728 aeque
1019 689 1130 730 atque
1147 682 1184 716 in
1204 682 1261 730 his
1278 683 1376 729 oris,
1405 697 1516 733 quam
1535 687 1673 725 latissi-

126 743 201 782 *me
220 745 478 794 propagandae
505 743 683 780 desiderio
710 743 845 791 optima
868 755 1034 791 quaeque
1051 751 1084 779 et
1106 733 1287 791 maxima,
1316 746 1362 781 ad
1379 755 1523 796 optatos
1540 748 1671 788 harum

142 820 264 845 rerum
284 819 499 853 successus,
526 805 627 842 haud
645 805 768 841 dubiis
788 804 974 840 ominibus
996 818 1185 854 speramus
1203 816 1236 843 et
1254 811 1530 857 exspectamus!

191 871 372 907 Gratulor
395 870 559 918 patriae,
589 870 822 918 omniumque
839 868 877 904 in
896 868 1048 906 Oriente
1067 876 1099 904 et
1120 869 1318 907 Occidente
1334 883 1395 907 RE
1410 884 1434 907 G
1446 884 1459 908 1
1487 872 1670 921 subjecta—

141 944 224 969 rum
243 934 432 982 regionum
457 932 607 977 ineolis,
628 932 739 968 talem
758 931 985 981 Principem,
1009 941 1050 969 nt
1060 932 1197 969 virtute
1217 947 1257 969 ae
1275 935 1407 982 pietate
1425 944 1669 983 praestantem

139 1003 175 1030 et
189 1008 273 1032 vere
287 1007 458 1043 magnum
471 1021 482 1038 ,
496 995 548 1029 sic
567 993 733 1028 Parentis
753 994 834 1029 loco
855 1007 937 1029 cum
955 996 1112 1031 maxime
1132 994 1339 1031 habendum
1361 997 1552 1046 studioque
1568 1011 1670 1035 sum-

136 1068 197 1093 mo
226 1057 464 1105 diligendum.
518 1055 698 1091 Gratulor
724 1056 880 1103 optimos
905 1065 939 1092 et
965 1057 1166 1105 majoribus
1198 1059 1276 1093 suis
1313 1058 1548 1107 dignissimos
1585 1062 1666 1110 ejus

135 1119 280 1165 Filios,
308 1131 378 1153 una
408 1130 490 1153 cum
513 1117 668 1152 Parente
686 1117 963 1165 Angustissimo
983 1127 1017 1154 et
1041 1119 1266 1168 Religionem
1284 1120 1534 1167 Christianam
1553 1123 1667 1171 profi-

133 1188 270 1227 tentes,
298 1176 335 1217 εἴ
348 1193 461 1230 nuper
482 1182 722 1225 constitutaS,
752 1191 846 1228 quas
871 1178 1055 1227 diximus,
1082 1194 1149 1230 pro
1178 1181 1384 1230 Religionis
1411 1196 1522 1220 causa
1549 1186 1664 1222 socie-

131 1251 227 1281 tates
248 1244 410 1293 impenso
427 1245 552 1281 favore
571 1257 613 1280 ae
633 1243 759 1280 studio
773 1252 1046 1293 prosequentes,
1097 1245 1279 1281 Gratulor
1301 1245 1471 1282 omnibus
1488 1247 1528 1282 in>
1541 1248 1663 1296 patria

130 1315 256 1343 nostra
274 1307 480 1357 Religionis
507 1305 718 1344 cultoribus
733 1305 829 1342 hunc
851 1307 961 1342 talem
980 1315 1015 1343 et
1036 1315 1176 1343 tantum
1196 1313 1318 1344 rer‘um
1341 1321 1533 1346 sacrarum
1555 1324 1662 1359 prae-

132 1369 245 1405 sidem
270 1378 304 1405 et
327 1379 639 1417 conservatorem,
669 1370 935 1421 earundemque
956 1369 1135 1407 ministris
1160 1370 1324 1419 publicis
1344 1373 1553 1410 restitutum
1574 1386 1662 1415 auc-2,

130 1438 284 1482 tumque
303 1433 440 1468 ordinis
464 1434 558 1469 sacri
577 1433 763 1470 honorem.

178 1493 214 1530 O
231 1507 297 1529 nos
319 1495 444 1531 felices
474 1496 630 1545 Belgas!
661 1504 696 1532 et
722 1504 825 1532 tanto
863 1497 1011 1545 quidem
1047 1497 1251 1543 feliciores,
1280 1510 1354 1547 quo
1380 1497 1530 1548 longius
1556 1497 1662 1533 annis

125 1556 332 1603 praeteritis
367 1569 387 1592 a
418 1557 485 1592 tali
507 1557 680 1594 felicitate
708 1559 766 1595 vel
786 1571 857 1607 per
877 1561 1056 1595 somnium
1076 1560 1267 1608 cogitanda
1287 1561 1415 1597 remoti
1433 1560 1601 1605 fuimus,
1625 1566 1659 1594 et

127 1629 203 1665 quo
226 1617 386 1654 firmiora
415 1627 468 1655 tot
497 1620 711 1669 Principum
742 1621 787 1656 ad
810 1634 896 1656 suos
928 1622 1040 1658 simili
1059 1622 1196 1658 ratione
1212 1621 1372 1660 beandos
1392 1623 1489 1660 cives
1508 1633 1656 1658 consen-

127 1690 192 1715 sus
211 1678 320 1728 hujus
339 1681 417 1729 spei
437 1692 627 1732 susceptae
649 1683 772 1720 fulcra
793 1684 944 1733 praebet
961 1694 997 1723 et
1012 1685 1266 1723 fundamenta!

175 1803 244 1839 Sed
263 1813 295 1841 et
311 1805 426 1854 hujus
443 1808 514 1844 diei
534 1810 733 1848 solennitas
762 1821 796 1849 et
822 1814 882 1849 lex
907 1813 1030 1862 regia,
1046 1814 1092 1850 iis
1102 1843 1120 1861 7
1137 1826 1233 1863 quae
1247 1813 1332 1850 addi
1350 1820 1540 1863 poterant,
1556 1823 1656 1848 nunc

124 1869 414 1915 praetermissiS,
444 1871 490 1908 ad
512 1872 626 1908 aliam
638 1872 664 1910 e'
677 1876 851 1925 progredi
867 1876 981 1924 jubet.

174 1925 327 1964 Utinam
365 1930 458 1967 laeta
497 1941 531 1969 et
564 1947 738 1985 prospera
758 1965 771 1984 ,
809 1951 904 1987 quae
949 1938 1167 1975 Academiae
1202 1939 1271 1974 hoc
1312 1950 1408 1974 anno
1443 1935 1653 1984 obtigerunt

126 1990 420 2041 quamplurima,
455 1995 556 2032 nulla
575 1998 686 2047 plane
707 2013 748 2036 re
774 2001 872 2038 tristi
894 2009 927 2036 et
954 2002 1129 2040 damnosa
1154 2001 1346 2038 imminuta
1363 2005 1481 2038 essent
1507 2004 1541 2032 et
1567 2003 1650 2031 tan-

869 2064 907 2102 D
936 2064 962 2100 3
1536 2068 1648 2106 ‘luam
