1940 2474
411 139 931 176 COMMENTATIO
997 136 1409 171 LITERARIA‘.
1632 146 1675 180 1¹7*

155 232 256 260 tentiis
271 232 432 268 argutior?
459 233 491 259 in
512 229 633 259 docendo
655 227 891 266 edisserendoque
913 226 1071 256 subtilior?
1111 225 1253 262 Refertae
1282 232 1349 254 sunt
1375 225 1518 254 orationes
1546 224 1671 262 amplius

157 289 272 313 centum
296 282 507 319 quinquaginta
534 282 625 320 (quas
649 279 761 319 quidem
787 279 882 307 adhuc
904 279 1063 309 invenerim
1084 283 1111 305 et
1135 277 1278 314 legerim)
1311 283 1338 305 et
1365 277 1459 307 verbis
1483 282 1512 304 et
1534 275 1616 305 rebus
1635 275 1673 303 it-

156 334 314 363 lustribus:
337 334 403 362 licet
424 343 458 363 ex
480 334 524 361 his
547 333 657 370 eligant
677 341 730 366 ea,
760 340 833 368 qnae
857 332 1002 359 notatione
1023 336 1050 358 et
1071 328 1158 357 laude
1180 327 1271 365 digna
1295 330 1373 364 sint,
1406 336 1498 356 omnes
1521 327 1672 354 oratoriae

157 387 281 416 virtutes
305 387 336 413 in
357 387 393 413 iis
412 386 605 423 reperientur.
646 383 726 420 Quae
748 388 842 411 tamen
860 382 956 410 landes
980 390 1033 417 pro
1055 385 1162 415 aetate,
1193 388 1249 415 qua
1271 379 1364 414 vixit⁷
1386 377 1566 414 accipiendae
1589 383 1670 406 sunt.

157 436 209 466 Cf.
230 437 348 465 Atticus
369 437 446 472 apud
467 435 527 464 Cic.
551 434 620 463 ibid.
643 436 657 462 8
663 441 691 469 5.
739 433 816 462 Cum
838 433 950 462 Catone
971 441 1060 469 porro
1086 431 1247 469 grandiores
1270 436 1339 459 natu
1361 430 1458 466 plures
1484 428 1603 458 fuerunt
1616 427 1671 457 viri

157 489 345 524 eloquentes3
367 488 402 516 de
423 487 530 523 quibus
551 486 612 515 vid.
633 486 692 515 Cic.
716 494 744 514 c.
771 494 803 521 19
827 490 855 513 et
878 494 926 514 20.

193 539 270 567 Idem
290 539 378 574 Cato,
402 537 493 576 Juris
512 537 606 568 civilis
626 538 746 566 scientia
768 544 896 573 magnam
917 536 1029 565 laudem
1053 535 1193 571 adeptus,
1212 533 1399 571 praecipuum
1416 533 1492 562 inter
1511 531 1604 570 JCtos
1627 533 1670 560 lo-

150 598 220 620 cum
240 590 342 620 tenuit.
383 589 446 619 cic.
466 589 501 618 de
523 589 576 618 Or.
597 589 628 624 Ι,
652 597 687 625 37
717 597 780 616 eum
802 587 892 624 Juris
910 587 1120 626 peritissimum
1140 585 1275 614 vocavit:
1302 593 1330 614 et
1350 587 1453 615 Livius
1475 586 1495 613 l.
1521 593 1548 613 c.
1574 583 1667 619 idem,

150 642 268 678 inquit,
297 643 329 670 in
346 649 438 680 pace,
464 643 492 670 si
500 641 555 678 jus
575 641 758 675 consuleres,
783 640 989 677 peritissimus.
1030 636 1098 665 Vid.
1126 643 1154 665 et
1184 637 1279 674 Nepos
1304 645 1331 665 c.
1355 646 1382 673 3.
1424 635 1556 671 Reliquit
1579 635 1669 664 Com-

150 693 306 722 mentarios
324 693 403 730 Juris
423 693 540 728 civilis,
564 693 695 722 laudatos
717 701 732 720 a
754 691 836 719 Festo
856 698 885 719 v.
905 688 1026 718 mundus
1040 694 1067 716 et
1083 694 1235 725 responsa„
1266 695 1338 723 quae
1361 688 1456 716 laudat
1477 684 1538 715 Cic.
1559 686 1594 714 de
1613 686 1668 714 Or.

148 744 267 781 11533.
307 744 365 772 Hic
392 744 482 780 igitur
510 743 540 772 in
568 743 670 780 primis
695 743 747 771 hac
776 748 864 771 aetate
888 739 1149 778 Jurisprudentiam
1178 738 1360 775 nobilitavit3
1391 745 1424 767 ut
1452 738 1487 766 de
1508 737 1591 772 aliis,
1619 736 1671 772 qui

148 803 254 831 magno
274 803 397 824 >numero
416 794 555 829 fuerunt,
578 794 629 822 sed
651 794 747 822 minus
770 793 848 822 notis
864 792 949 830 JCtis
973 791 1068 821 dicere
1083 799 1143 821 non
1157 799 1234 828 opus
1260 790 1310 820 sit.
1351 789 1420 818 Vid.
1442 789 1567 819 Baebius
1589 787 1670 817 Hist⁴

143 845 271 883 J-urispr.
295 846 384 874 Rom.
406 845 447 874 L.
467 845 506 874 11.
529 853 556 873 c.
574 854 602 873 2.
623 854 650 874 s.
667 855 696 881 4.
719 845 735 881 §
761 846 794 873 18
820 853 888 880 sqq.

188 897 352 927 Historiam
376 897 426 933 qui
444 896 601 926 scriberent
625 896 710 933 pauci
730 897 785 925 hoc
812 903 941 933 tempore
965 895 1100 924 fuerunt:
1128 902 1188 924 non
1211 894 1312 923 multis
1335 899 1403 930 post
1430 893 1563 923 Pisonem
1587 892 1669 922 annis

145 948 185 978 de
206 949 283 977 bello
306 948 417 977 Punico
447 948 575 977 secundo
604 947 713 976 Graece
736 947 857 983 scripsit
878 947 917 977 L.
943 947 1058 976 Cincius
1082 947 1252 982 Alimenta,
1279 954 1295 974 a
1316 945 1402 975 Livio
1426 945 1482 973 VH
1490 966 1500 981 ‚
1532 954 1547 982 3
1572 945 1668 974 dictus

145 999 275 1038 diligens
292 1005 536 1029 monumentorum
557 1005 672 1031 auctor.
713 998 816 1034 Neque
838 999 912 1028 alius
940 999 999 1028 fere
1017 999 1125 1028 mentio
1148 997 1305 1035 reperitur3
1333 1006 1399 1026 nam
1420 997 1454 1026 de
1472 997 1596 1033 Catone,
1617 994 1670 1031 qui

144 1058 236 1083 *senex
259 1052 373 1084 demum
389 1051 539 1083 historiam
557 1050 680 1082 scribere
702 1050 814 1088 coepit,
836 1049 910 1079 infra
930 1051 1113 1081 commodior
1131 1050 1186 1080 erit
1207 1049 1322 1080 dicendi
1344 1049 1442 1083 locus.

394 1400 825 1441 EPOCHA
898 1395 1406 1440 SECUNDA·

319 1555 341 1577 Α
360 1552 540 1575 ‘SUBACTA
564 1553 789 1574 MACEDONIA
817 1551 866 1574 ΕΤ
895 1552 1070 1581 RELIQUA
1100 1549 1270 1572 GRAECIA
1297 1547 1422 1578 USQUE
1447 1545 1495 1570 AD

669 1605 896 1627 CICERONIS
925 1604 1141 1630 TEMPORA,

419 1663 466 1692 Ab
489 1665 529 1692 A.
549 1664 587 1693 U.
608 1664 663 1700 586
679 1678 717 1685 —
732 1663 807 1700 650,
829 1669 897 1693 ante
919 1663 965 1691 N.
991 1661 1033 1690 A.
1058 1660 1111 1689 168
1127 1673 1165 1683 —
1181 1667 1235 1687 100
1257 1658 1406 1690 circiter.-

146 1779 280 1854 Haee
301 1815 423 1855 Epocha
440 1822 518 1846 tanta
535 1815 722 1846 multitudine
745 1823 837 1844 rerum
861 1821 889 1844 et
907 1821 1062 1845 eventuum
1079 1812 1173 1843 omnis
1191 1810 1326 1850 generis,
1357 1807 1465 1846 quibus
1483 1808 1590 1839 artium
1607 1804 1666 1838 dis-

146 1870 381 1907 ciplinarumque
402 1870 497 1899 studia
517 1869 570 1898 alia
590 1868 682 1905 magis
702 1868 853 1903 florerent,
879 1867 934 1897 alia
957 1875 1055 1896 recens
1086 1865 1284 1899 exorirentur,
1315 1862 1390 1892 clara
1411 1861 1484 1897 fuit,
1513 1867 1547 1890 ut
1569 1869 1599 1889 ea
1619 1860 1666 1889 de-

149 1929 228 1951 mum
249 1929 333 1952 natae
351 1931 413 1951 esse
434 1921 547 1952 Literae
562 1921 682 1950 Latinae
695 1919 752 1949 dici
769 1919 894 1957 possint.
936 1917 1034 1955 Nam,
1059 1926 1125 1946 cum
1147 1924 1223 1947 anno
1240 1920 1305 1944 ante
1323 1914 1364 1943 N.
1388 1913 1428 1942 A.
1458 1913 1530 1948 168,
1551 1911 1664 1940 devicto

141 1971 253 2016 *Perseo
275 1973 468 2005 Macedonum
492 1982 575 2012 rege,
595 1971 782 2006 Macedoniae
807 1979 924 2010 regnum
940 1971 971 2000 in
995 1969 1162 2008 provinciae
1189 1966 1311 1998 formam
1330 1965 1504 2008 redegissent
1523 1960 1666 1996 Romani,

151 2036 153 2038 ·
963 2020 990 2051 C
1597 2019 1664 2042 cum
