1940 2474
401 161 961 196 COMMENTATIO
1020 162 1429 196 LITERA'R‘I‘A'L
1622 162 1693 206 59³1

146 252 220 288 quIn
239 250 356 288 longius
380 252 527 287 latiusque
541 251 639 280 Latini
652 250 792 280 sermonis
808 257 879 278 usus
896 256 1118 287 propagaretur,
1137 251 1188 286 qui
1205 259 1263 279 non
1278 249 1445 279 Occidentis
1461 256 1571 278 tanturn
1594 250 1663 279 Pro-

147 304 277 338 vincias,
307 303 452 338 Africam,
481 304 654 340 Hispanias,
684 302 809 336 Gallias,
831 301 1020 337 Britanniam,
1050 301 1202 337 Rhetiam,
1223 302 1419 337 Pannoniam,
1450 302 1590 331 Moesiam
1613 310 1661 330 oc-

145 355 283 391 cupavit,
307 356 355 383 sed
375 355 447 383 etin
465 354 592 384 Orientis
618 355 734 389 orbem,
757 353 805 381 ubi
822 353 930 382 Graeca
946 353 1044 390 lingua
1064 353 1281 388 dominabatur,
1309 353 1455 388 pervenit,
1484 360 1559 382 certe
1580 353 1661 389 quod

142 406 178 434 ad
192 405 426 442 Jurisdictionem
438 427 447 441 ,
470 406 718 443 Legumlationem
735 411 762 433 et
775 404 981 432 provincialem
998 405 1271 434 administrationem
1293 405 1405 433 attinet.
1445 405 1513 433 Vid.
1530 405 1662 433 Doctiss.

143 458 321 489 Necschems
344 459 379 487 ad
402 458 498 486 Cicer.
521 458 542 486 1.
564 459 585 485 l.
608 457 637 485 in
659 456 745 494 Disp.
772 455 806 484 de
824 455 877 484 Or.
897 463 952 494 pro
974 457 1067 485 Arch.
1090 466 1120 493 p.
1137 464 1194 492 55,
1218 463 1244 484 et
1273 466 1347 492 quos
1370 457 1410 484 ibi
1428 456 1565 485 laudavit.
1608 456 1663 484 At-

145 518 203 545 que
224 510 310 538 simul
330 518 397 538 cuin
421 510 533 546 linguae
555 517 612 537 usu
636 508 719 537 etiam
742 507 904 536 Literarum
929 509 1042 536 cultura
1068 508 1096 537 in
1120 509 1218 537 iisdem
1243 508 1429 544 regionibus,
1452 508 1573 536 maxime
1594 506 1662 535 His-

145 561 258 596 paniis,
281 570 335 597 ope
359 561 492 595 Sertorii,
526 567 553 588 et
577 559 684 588 Galliis
709 559 839 595 exstitit,
869 559 956 588 latius
979 559 1060 587 etiam
1087 560 1115 588 in
1137 560 1331 596 Britanniam,
1361 559 1487 595 itemque
1510 560 1540 587 in
1562 558 1660 587 Asiam

145 618 173 639 et
197 612 325 641 Africam
356 613 550 649 permanavit,
582 611 723 639 institutis
752 611 781 640 in
813 611 959 647 plerisque
988 611 1153 647 regionibus
1184 612 1349 641 Praesidum
1383 620 1453 640 cura
1477 611 1604 645 scholis,
1634 610 1664 638 in

143 662 252 698 quibus
273 664 376 692 artium
399 664 557 692 liberalium
580 662 802 698 Literarumque
822 662 989 691 Latinarum
1013 663 1180 700 cognitione
1203 663 1378 691 imbueretur
1396 664 1546 699 juventus.
1583 661 1663 699 Quin

143 720 255 743 tantum
280 715 308 744 in
329 716 478 744 nonnullis
499 715 665 744 civitatibus
688 714 813 751 profecit
836 714 957 743 Latinae
979 714 1111 751 Linguae
1131 715 1277 749 studium,
1301 720 1333 742 ut
1356 715 1401 742 vel
1420 719 1595 749 praestantes
1619 712 1662 740 in-

143 766 228 802 genio
253 767 443 802 doctrinaque
466 767 545 795 viros
571 766 706 794 tulerint:
738 767 821 802 cujus
847 766 885 793 rei
911 768 1038 802 exempla
1060 767 1198 795 habemus
1223 767 1252 794 in
1278 772 1401 800 utroque
1422 764 1528 793 Seneca
1551 773 1582 793 ac
1604 764 1665 793 Lu⁴¹

143 824 236 851 cano,
260 818 311 852 qui
336 827 350 845 e
370 818 507 846 Corduba
526 817 732 853 Hispaniarum
758 816 827 845 urbe
846 817 961 846 oriundi
983 824 1079 853 erant,
1102 827 1167 846 cum
1187 818 1237 853 qui
1260 824 1340 845 antea
1361 816 1401 844 ibi
1425 815 1484 844 nati
1505 822 1583 844 erant
1597 815 1668 844 Po'e'·

143 873 187 896 tae
201 867 309 905 pingue
325 869 459 905 quiddam
476 876 503 898 et
519 869 701 906 peregrinum
720 875 870 903 sonarent,
893 876 926 897 ut
946 869 984 897 ait
1004 869 1108 897 Cicero
1131 869 1183 897 Or.
1206 869 1284 898 laud.
1304 878 1347 896 10.
1388 867 1473 896 Plura
1490 868 1523 895 de
1545 867 1601 895 hoc
1625 874 1668 894 ar-

144 927 304 956 gumento,
336 921 415 956 quod
443 921 477 948 ad
502 920 598 949 studia
625 919 842 949 Provinciarum
869 926 998 956 spectat,
1028 920 1189 956 disputavit
1223 920 1368 948 cellarius
1394 918 1475 947 Diss.
1503 918 1617 954 saepius
1642 919 1665 947 1.

143 970 221 1000 Sect.
244 971 302 1007 111,
332 972 380 1000 cui
406 972 525 1000 addatur
549 971 726 999 Meinerstass
751 972 781 1000 in
811 971 911 1000 Gesch.
942 971 990 1000 des
1013 971 1161 1008 Verfalls,
1184 978 1237 999 etc.
1268 971 1344 1000 Sect.
1371 970 1452 999 VIII.
1484 978 1516 1006 p.
1534 977 1587 1005 241
1617 977 1665 1005 sq.

144 1020 235 1051 Recte
254 1032 373 1060 quoque
401 1024 475 1052 idem
497 1023 673 1051 Meinersius
698 1022 916 1058 animadvertit,
947 1023 1032 1051 simul
1057 1032 1087 1051 ac
1108 1029 1287 1060 permanaret
1319 1022 1348 1051 in
1371 1021 1538 1051 Provincias
1563 1020 1668 1050 Latina

143 1070 277 1112 Lingua,
299 1075 382 1104 etiarn
407 1075 551 1110 Graecae,
573 1074 678 1103 sensim
699 1075 864 1110 sensimque
884 1082 935 1111 per
956 1080 1050 1103 totum
1067 1081 1205 1103 terrarum
1229 1075 1328 1103 orbem
1343 1081 1477 1110 sparsae,
1503 1081 1589 1102 usum
1606 1063 1676 1101 Ro-'

140 1131 213 1154 mam
238 1128 423 1163 pervenisse,
453 1133 624 1162 tantumque
648 1125 688 1154 ibi
711 1126 886 1163 profecisse,
913 1131 946 1154 ut
974 1126 1056 1155 etiam
1088 1126 1118 1155 in
1147 1126 1346 1155 Romanorum
1375 1126 1479 1154 domus
1510 1125 1663 1160 irreperet,

136 1175 312 1212 quotidiana
342 1178 558 1208 consuetudine
581 1177 829 1214 frequentaretur,
856 1184 943 1213 atque
976 1178 1045 1207 adeo
1072 1177 1131 1214 ipsi
1156 1177 1277 1206 Latinae
1307 1177 1439 1214 Linguae
1465 1175 1668 1204 detrimentum

140 1226 270 1264 afferret,
293 1229 404 1266 quippe
426 1237 498 1265 quae
514 1230 559 1258 vel
581 1230 838 1266 corrumpebatur,
860 1230 906 1258 vel
922 1235 998 1258 certe
1014 1230 1125 1258 minore
1138 1230 1237 1258 studio
1254 1229 1456 1264 excolebatur,
1479 1235 1544 1256 cum
1561 1227 1607 1255 vel
1622 1225 1666 1255 in-

141 1276 235 1308 fantes
253 1279 334 1316 prius
348 1280 460 1310 Graece
475 1289 562 1317 quam
578 1281 682 1311 Latine
697 1282 780 1317 loqui
794 1274 954 1316 discerent3
979 1289 1036 1316 qua
1050 1281 1085 1310 de
1105 1289 1134 1310 re
1153 1281 1285 1317 queritur
1305 1279 1454 1318 Quinctil.
1477 1279 1504 1307 I.
1529 1279 1564 1307 Ο.
1584 1278 1613 1313 I,
1635 1285 1664 1307 2.

143 1328 213 1358 Vid.
230 1331 372 1360 Meiners.
403 1339 435 1367 p.
453 1342 509 1367 240
532 1339 559 1361 et
580 1332 656 1361 Sect.
675 1332 732 1368 lx,
760 1342 790 1369 p.
811 1341 877 1369 314.
919 1332 986 1361 Huc
1014 1341 1133 1368 quoque
1160 1339 1289 1369 spectare
1313 1331 1442 1367 videtur,
1472 1331 1553 1367 quod
1583 1328 1669 1358 refert

143 1379 258 1409 Auctor
277 1381 356 1410 Dial.
379 1382 413 1410 cle
430 1383 517 1412 Caus.
535 1384 620 1413 Corr.
644 1384 730 1423 Eloq.
753 1393 818 1420 cap.
835 1393 890 1421 29,
913 1383 1037 1413 infantes
1055 1391 1126 1413 tunc
1140 1384 1262 1421 delegari
1279 1384 1383 1413 solitos
1398 1383 1490 1412 fuisse
1511 1379 1668 1411 Graeculae

141 1432 256 1460 cuidam
278 1433 408 1462 ancillae.
450 1435 549 1471 Atque
567 1436 634 1464 hinc
657 1436 740 1464 etiam
762 1436 945 1472 repetendum
961 1435 1075 1464 videtur
1089 1436 1169 1471 quod
1185 1435 1321 1464 nonnulli
1335 1434 1553 1467 Romanorum,
1575 1428 1667 1460 veluti

142 1481 321 1519 Musonius,
352 1485 380 1513 in
404 1485 487 1514 libris
513 1487 672 1515 scribendis
702 1486 811 1515 Graeca
834 1487 968 1522 mallent,
991 1495 1076 1522 quam
1099 1487 1203 1516 Latina
1223 1486 1340 1524 Lingua
1364 1486 1419 1514 uti.
1466 1484 1574 1513 Verum
1597 1482 1667 1510 haee

146 1533 237 1572 magis
262 1535 297 1565 ad
313 1543 345 1566 ea
364 1542 490 1574 tempora
508 1538 671 1575 pertinent,
692 1539 727 1568 de
748 1538 858 1576 quibus
876 1538 963 1568 nobis
987 1538 1092 1568 ultimo
1117 1540 1183 1568 loco
1207 1538 1360 1568 dicendum
1382 1542 1524 1575 superest.

844 1791 984 1820 ΙΙ

957 2049 986 2080 Η
1007 2058 1025 2079 ι
1504 2051 1671 2092 ,ΕΡΟΟΗΑ
