1960 2500
670 151 1138 191 ORATIO.
1541 131 1667 198 22¹

88 266 96 269 ·
145 255 366 300 inserviant,
380 260 555 302 tanquam
577 252 738 299 ejusdem
755 251 873 300 gentis
896 251 994 288 cives
1005 279 1018 296 ‚
1039 250 1120 287 Deo
1138 251 1299 287 omnium
1318 251 1503 290 hominum
1524 264 1557 292 et
1576 271 1666 308 gen,

142 319 235 356 tium
254 317 410 353 Domino
428 325 462 352 et
479 315 696 351 Moderatori
726 327 867 350 summo
880 343 891 359 ,
919 321 955 350 et,
971 313 1061 349 Jesu
1082 313 1233 350 Christo
1246 343 1259 360 ‚
1287 314 1386 350 Filio
1404 316 1500 364 Dei,
1529 323 1665 367 pariter

141 379 325 428 subjecti?
340 378 398 415 Ab
415 379 475 414 his
485 377 645 426 profecto
662 376 762 413 haud
776 386 905 412 temere
924 376 1144 425 sperandum
1156 376 1223 422 sit,
1239 376 1316 412 fore
1335 385 1376 413 ut
1395 379 1666 421 confirmaniae

140 443 245 491 paci,
261 441 430 478 omnibus
447 440 609 476 consiliis
624 447 659 474 et
676 438 830 484 studiis)
851 447 923 474 tota
938 447 1053 474 mente
1069 447 1180 487 atque
1198 439 1296 474 omni
1311 440 1447 476 virium
1464 446 1665 481 contentio..

140 517 208 549 ne,
222 504 413 552 invigilent
426 531 439 549 ‚
456 511 489 539 et
510 510 548 538 ut
568 515 638 537 non
657 515 676 536 a
698 502 776 537 suis
792 502 911 538 solum
930 501 1064 537 finibus
1077 529 1089 547 ,
1107 501 1169 537 sed
1189 515 1210 537 a
1232 501 1358 537 vicinis
1378 515 1525 552 quoque
1542 509 1665 556 regio..

138 567 248 604 nibus
274 567 391 603 tristia
416 578 582 616 quaeque
605 573 637 601 et
654 564 852 613 pestifera,
874 577 969 614 quae
997 563 1097 599 bella
1126 564 1306 615 excitant,
1341 564 1494 612 damna,
1530 570 1666 616 quovis

135 629 279 666 meliori
295 629 423 675 modo,
458 635 623 666 avertant
643 635 676 662 et
701 627 940 676 propulsent,
969 634 1004 662 et
1020 639 1091 661 non
1110 625 1200 661 adeo
1219 625 1415 661 dominatio
1430 628 1452 662 ιί
1475 642 1548 675 pro.
1578 644 1663 666 ren..

134 691 223 737 dae,
250 705 360 742 quam
376 690 644 740 perpetuandae
658 691 738 739 paci
751 718 763 735 ‚
792 688 1030 726 vindicandae
1047 687 1213 737 justitiae
1224 715 1237 735 ,
1260 687 1454 730 eromuino
1472 688 1660 737 augendae

135 754 313 795 felicitati
329 754 508 790 humanae
532 765 678 801 operam
697 761 842 792 navent,
1316 753 1321 758 '

166 816 282 861 ‘Quis
314 815 494 853 Vestrum>
516 823 592 861 est,
629 817 676 853 A.
701 817 745 852 A.
782 817 837 853 cui
862 829 933 852 non
964 823 1089 865 gentes
1127 815 1238 861 illae,
1273 827 1432 864 quarum
1469 814 1659 863 Principes

132 879 361 916 sanctissimo
387 878 602 926 hujusmodi
629 877 771 914 fowdere
802 892 841 914 se
867 880 980 915 teneri
1005 878 1162 928 professi
1189 879 1286 923 sint,
1315 887 1349 914 et
1366 878 1483 925 hujus
1499 878 1661 914 foederis

130 941 352 978 conditiones
372 940 485 989 probe
515 940 709 976 observent
723 970 736 986 ,
764 943 914 978 caeteris
938 940 1091 990 paribus
1112 940 1219 978 valde
1245 939 1373 976 beatae
1394 941 1662 988 praedicandae

129 1003 355 1041 videantur-‘3
405 1002 509 1046 Quid
541 1015 612 1038 non
654 1002 832 1038 bonorum
851 1031 864 1049 ,
909 1003 961 1039 sio
994 1010 1135 1038 servata
1177 1010 1210 1038 et
1250 1001 1414 1037 stabilita
1458 1014 1570 1050 pace,
1612 1014 1660 1038 ex

128 1065 311 1102 uberrimo
323 1065 390 1100 hoc
401 1064 520 1108 fonte,
552 1073 591 1099 ut
610 1066 645 1100 in
662 1065 854 1112 publicas,
882 1066 932 1101 ita
951 1074 986 1102 et
1001 1066 1038 1101 in
1063 1065 1291 1114 singulorum
1308 1077 1369 1100 res
1387 1063 1577 1112 privatas,
1596 1076 1656 1099 re-

128 1126 375 1163 dundaturum
395 1125 468 1162 sit?
520 1125 684 1173 Singulis
705 1125 779 1172 jam
801 1130 1018 1174 quarumvis
1047 1128 1234 1175 regionum
1254 1127 1384 1162 incolis
1401 1126 1562 1162 omnium
1583 1134 1658 1162 ter-

125 1200 253 1227 rarum
280 1199 489 1223 communes
517 1186 719 1223 redduntur
751 1187 923 1235 fructus3
951 1187 1056 1223 nulla
1090 1188 1250 1236 amplius
1286 1187 1507 1236 cujusquam
1536 1188 1655 1236 gentis

126 1250 221 1288 bona
247 1251 460 1289 arctissimis
491 1251 597 1297 illis,
624 1251 690 1299 qui
716 1250 808 1286 alios
837 1249 884 1285 ab
910 1248 995 1285 aliis
1027 1258 1219 1299 separant,
1248 1248 1384 1285 finibus
1413 1257 1447 1285 et
1472 1248 1654 1285 limitibus

127 1315 378 1362 eontinentur3
403 1314 522 1350 omnia
543 1311 714 1349 omnibus
739 1320 883 1361 patent,
912 1312 1014 1360 justa
1042 1313 1121 1363 lege
1149 1313 1273 1350 ubivis
1297 1313 1537 1361 impetranda.
1588 1313 1658 1349 Li·

84 1396 88 1399 -
124 1384 282 1413 terarum
311 1378 432 1414 studia
459 1389 577 1426 neque
598 1389 784 1413 armorum
810 1377 965 1425 strepitu
992 1375 1264 1424 impediuntur,
1292 1365 1412 1424 neque
1437 1388 1560 1412 rerum
1591 1387 1656 1410 ne·

126 1441 370 1475 cessariarum
411 1440 533 1488 inopia
565 1442 845 1488 supprimuntur
864 1467 878 1485 ,
913 1439 977 1475 sed
1009 1438 1211 1475 honoribus
1241 1439 1411 1482 aluntur,
1449 1439 1655 1474 excitantur

125 1510 160 1538 et
176 1502 456 1551 amplificantur.
505 1502 701 1550 Quidquid
718 1510 771 1538 est
789 1501 971 1537 bonarum
991 1502 1149 1546 artium,
1177 1501 1455 1549 occupationum
1484 1508 1518 1536 et
1550 1511 1655 1535 exer-

125 1564 338 1600 citationum
356 1592 368 1610 ,
406 1563 533 1610 ssoret,
570 1564 789 1599 incrementa
821 1565 942 1611 capit,
977 1573 1013 1600 et
1049 1576 1136 1600 suos
1167 1564 1240 1599 late
1272 1563 1449 1612 longeque
1485 1552 1654 1597 diffundit

123 1626 280 1665 fructus.
334 1627 382 1664 Et
403 1640 629 1677 quamquam
649 1629 752 1677 pacis
768 1628 954 1665 commoda
971 1626 1207 1662 immoderato
1229 1625 1386 1660 subinde
1412 1624 1520 1660 luxui
1547 1635 1654 1658 occa·

123 1689 259 1725 sionem
275 1689 474 1738 praebeant
492 1699 602 1740 atque
620 1692 832 1727 alimentum
843 1719 854 1735 ,
867 1699 903 1727 et
921 1690 1091 1725 homines
1109 1701 1216 1737 saepe
1235 1687 1380 1723 libidini
1395 1698 1532 1734 pravae
1550 1691 1651 1720 tanto

124 1752 464 1801 megisindulgeant
474 1781 486 1799 ‚
497 1765 572 1802 quo
583 1754 750 1791 securius
770 1755 895 1790 vivant
907 1780 919 1798 ‚
930 1753 967 1788 id
985 1751 1134 1800 quidem
1149 1763 1170 1786 a
1187 1762 1276 1798 pace
1288 1777 1300 1794 ,
1313 1750 1352 1784 ea
1364 1777 1375 1794 ‚
1388 1761 1500 1797 quam
1517 1744 1651 1782 summi

125 1811 312 1862 Principes
347 1814 420 1850 sibi
448 1817 671 1863 propositam
698 1815 855 1861 habent,
882 1814 1068 1851 fulcienda
1094 1821 1128 1849 et
1152 1811 1363 1849 sustinenda
1390 1811 1550 1853 ratione,
1577 1819 1650 1844 non

125 1875 213 1911 adeo
226 1877 454 1913 metuendum
469 1878 635 1924 videtur,
649 1891 731 1914 cum
741 1878 948 1927 Religionis
964 1888 1079 1925 aeque
1096 1888 1138 1911 ac
1153 1875 1254 1923 pacis
1264 1873 1437 1910 tutandae
1452 1879 1486 1908 et
1503 1881 1651 1907 conser-

125 1938 263 1973 vandae
285 1938 364 1987 lege
380 1951 502 1975 omnes
523 1952 562 1975 se
583 1939 824 1977 devinxerint.
861 1940 917 1976 Ea
936 1939 1072 1987 igitur,
1102 1949 1208 1986 quam
1225 1936 1386 1973 diximus
1397 1962 1410 1980 ,
1437 1932 1545 1969 factis
1561 1940 1649 1978 pro-

121 1995 210 2035 bata
236 2009 271 2036 et
292 1999 537 2038 demonstrata
556 2001 767 2051 Principum
785 2003 858 2044 fide
882 2015 924 2039 ae
942 2001 1140 2049 religione,
1166 1999 1381 2047 intelligitur
1394 2023 1409 2043 ,
1430 1995 1468 2032 in
1487 2006 1526 2029 ea
1545 1992 1646 2039 59503

972 2064 1004 2101 C
1030 2063 1054 2099 3
1563 2064 1648 2091 ⁸0⁰2
