1940 2474
447 150 962 185 COMMENTATIO
1020 151 1349 186 CHEMICA.
1614 158 1657 200 49

143 241 233 275 Eum,
252 238 398 268 creaverit.
428 239 469 267 Ita
487 238 552 267 fluit
571 246 604 266 ex
623 237 758 273 Tellure,
786 240 869 274 quasi
891 248 924 268 ex
947 239 1028 267 fonte
1045 239 1180 275 perenni,
1207 246 1240 268 ut
1265 240 1368 269 mirum
1391 235 1509 268 fluidum
1538 250 1650 278 magne-

141 291 243 320 ticum.
281 289 328 319 Sic
351 296 379 318 et
397 290 599 330 galvanicurn,
618 289 725 329 quibus
748 289 812 326 ipsa
830 290 931 320 Tellus
952 296 1138 320 conservetur
1153 297 1181 319 et
1193 298 1340 327 augeatur.
1362 308 1396 313 —
1417 291 1568 329 Quidquid
1589 293 1648 328 sit,

142 341 228 370 faciet
253 342 319 370 haec
345 347 442 369 nostra
464 342 627 378 conjectura
651 346 684 368 ut
711 349 789 371 novo
815 348 982 379 argumento
1007 347 1137 370 aeternus
1162 350 1255 371 rerum
1286 349 1441 371 creatarum
1471 344 1646 373 terrestrium

137 393 264 422 circulus
288 391 472 421 confirmetur
493 399 521 420 et
541 392 710 420 illustretur.

833 470 863 505 §-
903 476 951 504 49·

174 548 218 576 Ut
239 553 353 576 azotum
377 555 410 575 ex
430 546 639 584 Atmosphaera
662 546 772 583 rapitur
797 554 851 582 ope
871 545 946 574 vitae
968 545 1150 582 animalium,
1172 547 1215 576 sie
1236 548 1261 576 ei
1281 548 1407 577 redditur
1427 555 1518 577 morte
1540 549 1645 577 anima-

136 599 219 639 lium.
261 598 404 634 Principia
427 598 581 634 nimirum,
606 598 714 639 quibus
739 597 958 635 constituuntur
973 603 1066 633 partes
1087 597 1220 626 animales
1242 605 1270 626 et
1292 600 1462 636 vegetabiles
1486 608 1550 635 eae,
1574 609 1647 636 quae

137 656 253 679 azotum
284 650 448 685 continent,
480 658 569 685 quum
598 650 777 678 resolvantur
799 654 826 677 et
848 648 1057 677 diversissimas
1087 648 1181 676 ineant
1202 650 1450 686 compositiones,
1479 651 1580 687 potius
1603 659 1646 679 se-

131 709 197 730 cum
226 701 346 729 invicem
373 702 562 738 junguntur,
600 709 705 736 quam,
737 708 802 728 cum
836 699 951 728 calorici
979 699 1079 736 majori
1113 700 1196 736 copia
1223 700 1327 735 unita,
1357 701 1471 737 singula
1509 710 1644 738 gazosam

133 752 255 781 formam
279 758 441 780 assumunt.
488 751 603 780 Interim
633 759 690 780 non
721 750 870 779 insolitum
893 751 1131 786 phaenomenon,
1161 752 1240 787 quod
1266 751 1495 788 hydrogenium,
1524 751 1645 788 potissi-

133 812 211 832 mum
234 809 370 836 azotum,
395 801 483 830 media
516 802 545 830 in
574 802 724 838 putredine
752 810 884 837 gazosam
910 802 1028 830 formam
1054 802 1153 830 induat
1180 809 1206 830 et
1241 803 1366 831 avolent.
1416 803 1540 831 Facilius
1570 803 1645 831 enim

132 860 248 883 azotum
271 853 416 888 vinculis,
447 853 552 889 quibus
582 862 647 881 cum
677 853 792 881 caeteris
822 853 986 882 animalium
1014 853 1166 889 principiis
1190 854 1330 890 proximis
1352 855 1485 891 junctum
1509 861 1644 889 tenetur,

130 905 266 935 solvitur.
308 905 414 940 Specto
432 905 478 933 hic
500 905 683 937 methodum,
709 912 793 939 quam
817 903 1112 941 Ingechs-tholleto
1131 904 1285 940 debemus,
1307 913 1363 940 qua
1380 913 1414 941 ex
1435 905 1518 934 fibris
1535 905 1645 933 carneis

132 963 186 992 gaz
214 962 330 983 azotum
354 964 487 991 paramus
507 955 615 992 ingenti
636 955 740 991 copia,
769 954 794 983 si
815 950 928 983 carnem
949 963 1013 983 cum
1036 955 1118 983 acido
1146 955 1249 984 nitrico
1271 962 1435 984 tractemus.
1483 956 1538 984 Sed
1560 955 1641 991 quod

131 1006 221 1042 magis
239 1013 282 1034 est
305 1006 470 1042 Expertiss.
497 1007 653 1044 Sfiipriaan
673 1006 828 1043 thi'sfius,
851 1014 940 1041 quum
959 1014 1070 1034 carnem
1090 1007 1287 1034 determinatae
1306 1015 1415 1035 massae
1433 1006 1502 1034 aeris
1523 1007 1643 1034 Atmos-

129 1057 255 1093 phaerici
269 1064 436 1093 exponeret,
458 1058 553 1086 evolvi
572 1066 624 1094 gaz
641 1064 757 1086 azotum
777 1056 887 1085 invenit
908 1058 1009 1094 (14):
1033 1063 1059 1085 et
1080 1057 1166 1093 dein,
1192 1066 1282 1093 quum
1307 1057 1452 1093 sulphatis
1477 1057 1643 1097 ferri-solu-

127 1107 234 1136 tionem
259 1108 288 1136 in
312 1116 413 1143 aquam
435 1108 578 1144 putridam
604 1108 773 1143 instillaret,
796 1108 868 1136 vidit
893 1109 999 1136 multas
1020 1108 1146 1136 bullulas
1171 1115 1367 1145 assurgentes,
1390 1117 1463 1144 quae
1487 1115 1565 1136 erant
1587 1117 1638 1145 gaz

128 1158 340 1195 hydrogenium
355 1159 573 1195 sulphuratum,
595 1167 647 1196 gaz
661 1159 885 1195 hydrogenium,
908 1166 936 1188 et
945 1168 1004 1196 gaz
1023 1165 1139 1187 azotum
1160 1159 1253 1196 (15).
1295 1159 1342 1187 Ex
1358 1159 1465 1195 quibus
1483 1159 1641 1193 concludo,

129 1209 190 1238 fieri
212 1218 320 1245 posse,
344 1215 376 1237 ut
397 1217 431 1238 ex
450 1216 526 1238 tanta
539 1210 663 1245 partium
685 1210 849 1238 animalium
871 1209 1074 1244 multitudine,
1097 1218 1169 1246 quae
1188 1210 1313 1239 subeunt
1331 1210 1507 1247 putredinem
1525 1216 1552 1239 et
1567 1210 1639 1239 mul-

123 1266 160 1289 to
177 1267 263 1290 azoto
287 1266 415 1296 scatent,
436 1267 553 1290 azotum
579 1260 700 1290 liberum
723 1261 771 1291 fiat
792 1268 819 1290 et
840 1261 1080 1299 Atmosphaeram
1101 1260 1285 1298 ingrediatur.

826 1341 854 1376 §.
897 1347 942 1375 50.

134 1449 138 1453 .
163 1414 307 1451 Imprimis
331 1422 400 1443 vero
424 1421 541 1443 azotum
563 1423 719 1452 corporum
736 1416 919 1452 putridorum
945 1425 976 1444 se
993 1425 1058 1444 cum
1081 1416 1145 1444 aliis
1170 1416 1321 1453 principiis
1343 1415 1459 1453 jungit,
1490 1413 1642 1451 praecipue

125 1474 192 1495 cum
208 1465 384 1502 hydrogenio
397 1471 425 1493 et
445 1466 605 1502 oxygeni03
630 1475 694 1494 cum
718 1467 805 1495 altero
826 1466 932 1495 format
947 1467 1139 1502 ammoniam,
1161 1467 1273 1495 acidum
1298 1466 1433 1495 niu-icum
1455 1474 1520 1494 cum
1539 1465 1638 1493 altero.

126 1518 185 1546 Ubi
209 1526 275 1546 vero
297 1522 389 1544 manet
409 1516 477 1544 haec
501 1516 665 1545 ammonia?
688 1517 789 1546 Fateor
802 1526 868 1545 cum
886 1517 967 1546 acido
984 1517 1146 1546 carbonico
1165 1518 1252 1546 simul
1268 1517 1413 1553 producto
1433 1525 1516 1552 saepe
1534 1524 1641 1544 ammo-

125 1569 202 1598 niam
224 1568 328 1605 jungi,
358 1573 444 1603 atque
465 1567 503 1595 ita
528 1568 731 1604 crystallisari,
759 1576 808 1597 aut
827 1569 997 1598 ammoniam
1023 1570 1106 1605 oleo,
1135 1578 1228 1606 aqua,
1256 1568 1343 1598 simul
1374 1567 1525 1604 putredine
1546 1566 1642 1602 natis,

125 1620 259 1649 dissolvi.
309 1618 428 1654 Satpius
455 1625 549 1646 antem
572 1618 652 1646 abest
678 1619 789 1648 acidum
813 1620 1017 1655 carbonicum,
1045 1620 1126 1649 abest
1155 1629 1230 1655 aqua
1256 1626 1284 1648 et
1304 1621 1398 1648 oleum
1421 1618 1558 1653 animale,
1589 1623 1640 1650 aut

126 1669 268 1704 ammonia
293 1669 391 1706 majori
416 1669 498 1705 copia
525 1670 673 1705 nascitur,
700 1679 783 1706 quam
802 1680 874 1707 quae
899 1671 974 1700 solvi
991 1671 1100 1708 possit:
1131 1670 1255 1706 accedit,
1284 1671 1365 1706 quod
1382 1678 1510 1707 magnam
1538 1668 1639 1697 habeat

125 1721 285 1751 affinitatem
303 1729 367 1748 cum
387 1720 511 1749 calor-ico
527 1721 691 1757 ammonia,
716 1723 784 1750 adeo
805 1729 837 1750 ut
856 1722 940 1750 facile
957 1731 1094 1759 gazosum
1116 1728 1222 1750 statum
1245 1729 1389 1750 assumat:
1413 1721 1507 1757 itaque
1530 1720 1640 1756 disper-

125 1772 203 1809 gitur
218 1780 267 1808 per
283 1772 509 1807 atmosphaeram
520 1793 530 1806 .,
552 1778 625 1800 test-e
639 1772 749 1808 ingrato
772 1774 858 1802 odore
872 1773 1069 1802 ammoniacali
1088 1781 1122 1801 ex
1141 1772 1265 1809 putridis
1281 1778 1458 1808 assurgente.

163 1823 277 1851 Interim
302 1831 368 1851 eum
389 1823 484 1851 cuivis
511 1823 623 1858 corpori
647 1832 698 1852 sua
723 1830 768 1852 est
789 1824 977 1861 electricitas,
1008 1825 1080 1853 hanc
1103 1823 1254 1861 putredine
1282 1824 1393 1852 diverse
1413 1821 1531 1859 disponi
1555 1820 1638 1850 facile

1210 1882 1213 1884 v
1597 1879 1639 1900 1n-

156 1951 220 1976 (¹⁴)
235 1948 286 1970 Vid.
301 1949 362 1972 Vult.
375 1956 420 1972 mr
431 1950 454 1971 de
469 1951 553 1974 Vmeh.
567 1951 604 1972 der
618 1951 751 1980 Venoning,
767 1959 816 1981 pag.
830 1958 877 1982 139.
891 1952 915 1976 in
928 1957 1002 1977 annot.
1033 1952 1099 1977 eonf.
1116 1953 1137 1982 ς.
1150 1958 1200 1976 ιη.

157 1992 168 2014 (
177 1995 201 2014 15
210 2001 218 2013 ι
237 1990 286 2011 Ὴά-
305 1991 418 2012 duim-nl
430 1998 452 2019 op
465 1993 488 2014 do
499 1994 570 2021 Vraag
581 2001 627 2016 orer
640 2000 675 2016 un
688 1993 788 2017 rolkmn
799 1995 894 2019 romae-d
903 1995 978 2018 midde!
989 2002 1019 2022 m
1032 1995 1115 2022 ηυηιό
1127 1995 1201 2019 Wam
1213 1998 1234 2019 u
1245 1994 1357 2020 Murci,
1374 1997 1397 2021 p.
1409 1997 1445 2028 βο·
1460 1990 1483 2013 ῑῦ
1497 1994 1574 2012 3100(-

905 2036 936 2066 G
