1940 2474
398 129 924 169 COMMENTATIO
989 133 1398 173 LITERARIA.
1618 143 1660 176 15

139 221 175 251 de
191 222 387 255 Incrementa,
414 223 494 262 quod
509 223 636 262 provida
655 221 715 250 Dei
736 231 829 257 cura,
858 222 922 259 ipsa
944 229 1025 260 saepe
1048 224 1186 254 bellorum
1209 226 1402 264 calamitate,
1429 227 1569 258 bonarum
1591 235 1651 259 stu-

138 274 196 304 diis
222 277 333 304 artium
363 276 481 313 benigne
509 275 628 312 adfert,
651 283 682 310 p.
698 281 747 310 54.
789 273 844 301 Sed
864 273 1010 303 videamus
1034 276 1067 304 de
1086 276 1222 313 singulis.

178 327 316 363 Ennius,
335 336 350 356 a
371 327 482 356 Catone
506 326 535 355 in
549 326 656 355 Urbem
680 325 840 359 deductus,
864 324 902 353 A.
919 324 959 353 U.
981 333 1033 361 551
1055 329 1221 365 complures
1244 329 1392 360 Romanos
1411 331 1506 361 literas
1523 331 1647 363 Graecas

137 379 256 415 docuit,
280 385 308 408 et
331 379 367 407 ad
389 378 594 415 Philosophiae
617 386 648 406 ae
671 377 794 405 Porseos
820 384 943 404 amorem
967 377 1121 414 excitavit,
1150 389 1295 410 converso
1318 382 1401 411 etiam
1430 383 1460 412 in
1486 392 1645 418 sermonem

134 430 272 460 Latinum
295 429 448 460 Euhemen'
463 429 567 459 Graeci
585 428 757 464 Philosophi
779 427 873 462 libro,
900 436 915 455 e
937 437 993 463 qua
1017 429 1254 466 interpretatione
1277 432 1380 462 Latina
1409 435 1498 462 multa
1525 434 1652 465 servavit

134 482 323 512 Lactantius:
346 488 482 511 memorat
500 490 559 511 eam
582 482 642 510 Οἷα
667 481 701 510 de
719 481 763 509 N.
784 479 826 508 D.
850 479 883 515 Ι,
904 489 952 515 42.
994 480 1050 509 Sed
1073 480 1103 510 in
1120 481 1223 518 primis
1249 483 1371 513 Poeseos
1395 485 1477 513 laude
1495 485 1651 522 inclaruit,

134 534 252 570 scriptis
271 533 456 570 Tragoediis‚
479 533 645 563 Comoediis
675 539 702 561 et
721 531 834 561 Satiris.
875 531 1036 561 Maxim-um
1059 542 1126 564 vero
1149 541 1176 562 et
1196 535 1472 571 praestantissimum
1494 538 1556 574 ers
1575 547 1651 574 opus

133 584 251 613 fuerunt
274 584 432 613 Annalium
454 584 521 614 libri
539 584 646 614 XVIII.
668 583 792 612 carmine
820 583 981 612 hexametro
1012 591 1040 613 et
1061 584 1117 613 fide
1139 585 1277 615 historica
1309 587 1430 624 scripti,
1456 598 1567 618 omnem
1589 590 1652 619 Ro-

132 644 281 665 manorum
305 635 455 665 historiam
476 637 717 673 complectentes:
747 635 775 663 in
798 644 859 671 quo
882 643 981 672 genere
1012 637 1097 673 longe
1119 638 1266 673 superavit
1287 638 1450 675 Naevium,
1480 648 1496 668 a
1521 650 1581 676 quo
1607 648 1651 670 ta-

132 697 197 718 men
218 690 309 718 multa
323 690 441 719 sumsit.
481 690 551 719 Vid.
569 692 628 720 Cic.
644 690 675 718 in
692 689 784 718 Bruto
805 699 849 725 19.
890 689 937 717 Ab
954 688 1102 723 Horatio,
1127 689 1204 726 Epp.
1222 689 1267 724 11,
1292 698 1323 725 1,
1346 698 1383 726 50
1407 690 1513 719 dicitur
1535 691 1652 721 Ennius

131 747 160 769 et
176 742 306 779 sapiens,
327 748 354 770 et
367 741 481 778 fortis,
502 747 529 770 et
552 741 634 770 alter
652 741 806 770 Homerus.
848 740 906 769 Sed
922 739 1002 769 nefas
1025 740 1062 768 sit
1083 740 1214 769 omittere
1233 741 1482 778 elegantissimum
1499 741 1653 780 Propertii

132 792 250 829 heum,
270 791 322 821 ubi
344 792 472 822 Enniani
487 786 586 828 'operis
611 798 810 829 argumentum
833 791 1023 827 describitur,
1044 791 1101 827 m,
1124 802 1160 827 2,
1183 799 1200 827 5
1220 801 1267 829 sq.

426 843 586 882 Parvaque
606 850 666 872 tam
687 845 800 881 magnis
824 844 973 873 admoram
990 846 1123 882 fontibus
1144 855 1214 881 ora,

468 897 551 925 Unde
567 903 657 935 pater
679 899 778 925 sitiens
803 897 918 926 Ennius
938 903 1005 925 ante
1025 897 1113 932 bibil3

428 948 473 977 Et
492 949 596 977 cecinit
614 948 716 976 Curios
730 947 851 984 fratres
868 954 897 976 et
916 948 1047 975 Horatia
1067 948 1151 985 pila,

459 998 612 1036 Regiaqne
634 998 765 1027 Aemilia
788 1005 872 1028 vecta
897 1005 1018 1037 tropaea
1039 1005 1124 1027 rate:

420 1050 620 1088 Victriccsque
640 1059 737 1078 moras
757 1050 861 1085 Fabii,
879 1058 1066 1089 pugnamque
1083 1052 1234 1080 sinistram

465 1102 656 1136 Cannensem,
678 1108 705 1130 et
724 1111 817 1131 versos
838 1102 880 1130 ad
895 1104 951 1140 pia
975 1109 1040 1132 vota
1062 1103 1157 1139 Deos3

421 1152 674 1192 Hannibalemque
694 1153 789 1182 Lares
811 1153 947 1182 Romana
970 1155 1032 1183 sede
1048 1154 1209 1193 fugantes,

457 1205 578 1234 Anseris
602 1213 629 1234 et
650 1211 745 1234 tutum
770 1215 834 1235 voce
849 1205 944 1242 fitisse
958 1206 1069 1243 jovem.

164 1250 261 1294 cujus
281 1256 340 1285 loci
360 1264 463 1286 versus
494 1263 613 1293 quartus
639 1257 701 1286 sine
725 1256 815 1285 dubio
839 1263 951 1293 spectat
977 1258 1013 1286 ad
1037 1256 1211 1291 victoriam,
1237 1262 1323 1291 quam
1346 1254 1386 1284 L.
1410 1254 1520 1284 Paulus
1549 1254 1650 1283 Aemi-

123 1307 181 1336 lius
202 1309 236 1336 de
256 1307 358 1336 Perseo
376 1308 571 1336 Macedonum
593 1316 657 1345 rege
681 1309 849 1345 reportavit.
889 1309 1034 1345 Equidem
1058 1314 1154 1337 tamen
1173 1307 1297 1342 dubito,
1322 1315 1356 1335 an
1381 1306 1507 1343 potuerit
1531 1306 1647 1336 Ennius

124 1358 197 1387 hanc
221 1358 371 1387 victoriam
388 1358 418 1387 in
440 1359 603 1388 Annalibus
623 1360 778 1396 celebrare,
808 1369 874 1389 cum
899 1360 956 1389 nisi
978 1367 1077 1395 antea,
1107 1365 1184 1388 certe
1200 1358 1277 1387 haud
1301 1359 1394 1386 multo
1425 1364 1545 1393 postea,
1569 1357 1646 1386 obie-

123 1411 179 1440 rit:
210 1417 243 1439 ut
271 1410 345 1439 forte
371 1410 537 1446 Propertius
563 1411 619 1439 hoc
634 1411 747 1447 poetice
769 1413 878 1448 magis,
901 1421 987 1448 quam
1017 1420 1100 1446 vere,
1137 1409 1379 1447 pronuntiaverit.
1422 1409 1477 1437 Sed
1501 1408 1644 1444 quidquid

123 1461 212 1498 hujus
235 1461 292 1496 sit,
320 1461 399 1489 aliud
422 1461 504 1489 etiam
528 1462 558 1490 in
583 1462 639 1490 hoc
663 1463 729 1491 loco
750 1469 810 1497 est,
843 1464 923 1498 quod
951 1471 995 1490 me
1018 1462 1153 1491 offendat.
1194 1461 1270 1489 Nam
1297 1469 1370 1496 quae
1392 1460 1442 1488 diu
1467 1466 1532 1488 ante
1553 1460 1644 1494 hanc,

125 1521 209 1550 quam
232 1513 374 1548 diximus,
401 1512 550 1541 victoriam
572 1513 747 1549 acciderant,
776 1522 873 1550 pugna
891 1513 1072 1547 Cannensis,
1098 1512 1243 1541 Hannibal
1263 1512 1343 1540 Italia
1367 1512 1494 1547 pulsus,
1525 1511 1645 1547 Capito-

122 1565 192 1594 lium
211 1565 279 1593 belli
301 1564 409 1593 Gallici
433 1570 561 1600 tempore
580 1564 688 1593 anseris
710 1565 835 1601 strepitu
857 1565 890 1593 ab
920 1565 1003 1594 hoste
1024 1564 1194 1599 liberatum,
1223 1571 1292 1599 post
1314 1572 1373 1591 eam
1398 1563 1511 1592 demum
1537 1571 1645 1591 memo-

121 1622 165 1644 rat
181 1616 365 1652 Propertius,
391 1624 422 1644 ac
443 1615 467 1644 si
498 1615 546 1644 illa
569 1622 668 1651 postea
698 1625 816 1652 quoque
841 1617 1029 1646 accidissent.
1070 1616 1146 1654 Quis
1181 1616 1276 1643 credat
1306 1615 1443 1649 Poenam,
1482 1622 1545 1642 eum
1567 1622 1646 1650 prae-

123 1667 240 1702 sertim,
270 1668 355 1704 quus
376 1667 506 1695 doctrina
527 1667 660 1695 celebrari
683 1669 776 1704 solet,
803 1669 870 1696 hacc
897 1668 936 1696 ita
966 1667 1081 1695 turbare
1103 1665 1254 1703 potuisse?
1296 1665 1375 1703 Quin
1396 1665 1495 1702 potius
1520 1665 1649 1695 indoctis

122 1717 245 1746 librariis
264 1718 320 1746 hoc
345 1716 527 1753 tribuamus,
550 1724 726 1754 statuentes,
756 1727 804 1748 eos
827 1718 950 1748 fortasse
970 1726 1072 1748 versus
1096 1718 1197 1754 poetae
1226 1717 1320 1753 inepte
1341 1717 1574 1753 transposuisse,
1597 1723 1646 1753 et,

125 1769 175 1805 qui
199 1777 301 1798 versus
322 1778 338 1797 a
357 1768 506 1805 Propertio
523 1770 624 1798 ultimo
644 1771 709 1800 loco
727 1771 844 1807 positus
867 1771 980 1806 fuerat,
1001 1770 1152 1808 Regiaqsse
1168 1769 1298 1797 Aemilia
1315 1775 1397 1798 vecta
1418 1775 1537 1806 tropaea
1560 1774 1647 1804 rate,

121 1820 200 1850 hunc
220 1821 254 1849 de
278 1821 342 1849 sede
362 1828 413 1848 sua
431 1820 460 1848 in
478 1828 537 1848 eam
561 1820 652 1848 sedem
672 1821 868 1857 transtulisse,
899 1822 948 1850 ubi
973 1822 1140 1858 Propertius
1171 1826 1305 1857 posuerat
1338 1828 1452 1848 versum
1476 1820 1597 1848 Anseris
1617 1825 1645 1848 et

122 1877 217 1900 tutum
235 1880 299 1901 voce
314 1871 409 1908 faisse
427 1871 542 1908 Jovem.
584 1872 695 1901 Versus
726 1873 814 1909 igitur
842 1874 930 1911 huJ'us
955 1874 1072 1911 Elegiae
1096 1875 1110 1901 8
1133 1872 1163 1901 in
1188 1873 1286 1901 locum
1310 1879 1412 1900 versus
1441 1879 1498 1906 12,
1524 1878 1552 1900 et
1573 1879 1644 1900 con-

121 1929 165 1952 tra
185 1931 230 1952 vs.
256 1931 290 1951 12
308 1923 336 1952 in
359 1924 455 1952 locum
476 1932 577 1952 versus
604 1925 618 1952 8
644 1923 858 1954 transferendus
883 1926 1015 1955 videtur:
1046 1934 1130 1960 atque
1149 1925 1188 1952 ita
1215 1923 1312 1951 omnia
1333 1923 1405 1951 bene
1431 1923 1644 1958 cohaerebunt,

120 1981 150 2004 et
169 1974 206 2004 ad
227 1973 363 2004 historiae
383 1975 528 2006 veritatem
549 1976 763 2005 accommodata
782 1984 878 2006 erunt.
919 1978 976 2007 Sed
994 1978 1029 2008 de
1051 1978 1106 2006 hoc
1133 1977 1247 2013 quidem
1274 1975 1321 2004 ulii
1343 1975 1483 2012 Judicent.
1523 1974 1589 2004 Nos
1608 1974 1646 2005 ad

1583 2026 1645 2057 En-
