1940 2474
479 157 996 190 ‘COMMENTATIO
1061 157 1337 190 MEDICA.
1620 165 1661 194 11

155 269 173 284 „
193 246 324 282 insudat;
347 246 412 274 item
434 244 488 273 alia
510 253 544 274 ex
565 253 655 274 coeno
678 250 706 273 et
729 244 796 273 fimo
815 250 996 280 putrescente
1017 244 1167 279 oriuntur,
1198 244 1251 273 alia
1275 244 1304 272 in
1331 244 1418 281 lignis
1443 250 1494 273 aut
1515 244 1650 281 stirpium

150 320 170 335 ,‚
190 304 240 327 aut
259 297 369 329 caesis,
391 296 444 325 alia
468 296 498 325 in
520 296 682 325 animalium
696 296 782 332 pilis,
810 295 862 324 alia
885 304 919 324 ex
941 296 1147 331 excrementis,
1171 303 1221 324 aut
1242 297 1299 333 jam
1318 296 1457 332 excretis,
1482 303 1532 325 aut
1556 297 1650 325 adhuc

151 371 171 386 „
192 350 265 378 intra
282 348 384 377 animal
401 347 584 376 contentis.’·
624 348 672 377 Ad
692 348 781 384 hujus
810 348 998 383 phaenomeni
1031 348 1166 376 rationem
1191 348 1357 376 reddendam
1378 349 1412 376 ad
1437 348 1528 376 varias
1556 348 1651 384 hypo-

147 401 243 429 theses
263 405 443 428 recurrerunt
465 399 601 435 Physici,
629 399 697 427 dum
727 398 861 428 Chemici
881 400 952 428 hanc
984 399 1119 429 rationem
1150 408 1209 428 non
1237 398 1295 427 nisi
1315 407 1348 427 ex
1373 399 1519 428 Chemicis
1540 399 1660 436 legibus-

147 452 298 488 petendam
308 472 318 486 ‚
336 458 362 479 et
377 457 446 479 tunc
461 451 575 479 demum
590 450 734 487 explicatu
750 450 915 479 facillimam
932 459 1012 486 esse,
1031 456 1191 479 autumant.
1222 450 1374 479 Antecedit
1388 451 1479 486 enim,
1495 451 1651 479 secundum

147 503 236 538 illos,
256 502 288 530 in
307 501 387 539 omni
407 502 473 530 loco
496 501 547 530 ubi
568 510 677 538 corpus
696 502 860 538 organicum
883 502 1041 537 formatur,
1063 502 1173 531 solutio
1188 502 1304 531 aliarum
1329 502 1471 538 partium,
1493 503 1532 530 ita
1550 509 1583 530 ut
1606 503 1654 531 ha-

150 562 214 582 rum
237 553 378 590 principia
393 561 497 582 novam
517 553 618 582 iterum
642 562 676 582 ex
697 553 829 582 affinitate
848 555 984 583 Chemica
1002 554 1241 583 combinationem
1262 554 1405 590 forment,
1430 563 1520 590 quae,
1542 563 1596 590 pro
1614 553 1656 582 di-

149 605 285 634 versitate
304 611 332 633 et
355 605 513 640 quantitate
532 604 760 641 principiorum,
781 614 858 634 nune
880 612 986 642 partem
1001 606 1160 643 organicam
1173 615 1188 634 e
1201 614 1288 643 regno
1305 606 1472 643 vegetabili,
1493 614 1570 634 nunc
1587 614 1658 634 vero

148 663 165 685 e
184 664 272 692 regno
294 655 408 684 animali
435 655 530 684 offert.
578 656 640 684 Hac
668 656 776 685 ratione
805 657 866 686 sola
892 656 1027 693 explicari
1050 665 1137 692 posse
1160 657 1277 691 dicunt,
1306 656 1433 692 virgines
1459 657 1580 684 intactas
1608 655 1660 684 ali-

151 708 268 744 quando
289 707 319 736 in
339 714 440 743 utero,
463 708 572 744 crines,
593 717 680 744 ossa,
701 709 747 737 vel
764 709 833 738 alias
850 715 944 745 partes
966 708 1039 737 alius
1054 707 1213 742 individui,
1234 708 1375 744 gessisse,
1398 708 1466 735 dum
1482 707 1580 735 harum
1598 715 1661 743 par-

150 760 225 789 tium
263 759 345 795 origo
383 759 569 788 adscribenda
598 759 637 787 sit
668 759 808 796 singulari
832 760 906 788 uteri
935 760 1086 789 morbosae
1117 757 1348 793 constitutioni,
1385 766 1442 793 qua
1466 757 1592 792 factum,
1631 763 1665 785 ut

149 811 292 848 principia
313 812 470 846 nonnulla,
498 819 532 838 ex
553 810 686 839 affinitate
708 810 845 840 Chemica
871 812 906 840 ad
928 820 959 840 se
983 810 1106 839 invicem
1127 816 1260 844 attracta,
1290 809 1402 844 crines,
1431 817 1497 838 ossa
1523 815 1578 837 etc.
1601 808 1667 837 for‹

146 862 299 891 maverint.
346 862 483 891 Eamdem
507 861 729 898 explicationem
750 862 837 897 dant,
866 863 962 899 quoad
983 862 1120 898 originem
1136 861 1275 889 vermium
1300 860 1508 889 intestinalium
1528 866 1557 889 et
1576 860 1661 896 poly-

149 923 255 950 porum
276 915 306 942 in
326 914 441 942 cerebro
465 914 511 941 vel
531 913 640 949 magnis
663 913 738 942 vasis
760 913 835 942 haud
856 922 918 942 raro
942 913 1139 942 inventorum.

187 967 397 1002 Argumentum
420 964 565 993 Tertium.
614 964 664 992 Ea
692 966 788 992 onmia
804 985 814 1000 ,
842 974 917 1002 qaae
943 965 1134 992 cohaesionem
1170 963 1361 992 universalem
1391 969 1499 1001 augent
1514 983 1525 998 ‚
1556 968 1665 1002 augent

148 1026 261 1056 quoquc
283 1017 367 1046 i'llam
388 1018 420 1044 in
442 1016 608 1055 corporibus
630 1017 722 1051 vivis,
748 1021 776 1044 et
799 1023 922 1052 contra,
943 1025 1018 1055 quae
1033 1016 1225 1044 cohaesionem
1248 1017 1281 1044 in
1302 1015 1362 1045 illis
1389 1016 1540 1050 minuunt,
1568 1016 1601 1042 in
1619 1014 1663 1042 his

147 1068 234 1097 illam
258 1077 369 1106 quoque
390 1070 537 1097 minuunt.
1553 1090 1557 1093 Α

190 1120 337 1150 Cohaesio
359 1120 528 1149 universalis
549 1120 579 1149 in
596 1120 768 1157 corporibus
793 1119 895 1149 solidis
918 1117 1104 1156 potissimum
1128 1117 1328 1153 imminuitur,
1355 1117 1379 1146 si
1403 1123 1525 1154 corpora
1547 1116 1599 1145 sua
1623 1116 1667 1145 in-

149 1172 216 1202 dole
237 1171 324 1200 fluida
348 1180 411 1201 sese
432 1172 558 1201 inserant
582 1172 611 1201 in
637 1172 792 1209 particulas
818 1171 924 1200 horum
950 1176 1106 1205 corporum
1125 1169 1304 1204 solidorum,
1331 1175 1359 1196 et
1381 1174 1483 1197 contra
1504 1167 1549 1196 his
1566 1167 1664 1196 fluidis

149 1222 349 1252 recedentibus
367 1229 489 1259 augetur
510 1222 658 1252 cohaesio.
698 1222 732 1251 In
755 1227 844 1250 aetate
867 1220 1012 1257 infantili,
1041 1221 1071 1250 in
1091 1229 1162 1250 sexu
1185 1219 1333 1255 sequiori,
1361 1218 1391 1248 in
1412 1218 1533 1247 diversis
1554 1218 1666 1247 morbis

150 1273 188 1302 ab
212 1273 364 1305 imminuta
381 1274 554 1304 cohaesione
575 1274 647 1303 ortis
662 1295 673 1309 ,
703 1282 777 1310 aqua
807 1279 834 1301 et
860 1280 950 1308 aquea
977 1269 1051 1301 inter
1080 1271 1236 1308 particulas
1259 1271 1366 1299 solidas
1389 1269 1552 1305 abundant3
1579 1277 1667 1305 quam

153 1324 280 1359 primum
306 1325 375 1352 haec
399 1333 474 1360 aqua
497 1331 525 1353 et
548 1333 638 1360 aquea
665 1325 801 1353 recedunt
818 1344 828 1359 ,
856 1328 976 1359 augetur
1007 1322 1160 1358 cohaesio,
1190 1329 1224 1352 ut
1253 1322 1283 1351 in
1311 1327 1400 1350 aetate
1423 1319 1616 1358 provectiori,
1638 1320 1668 1349 in

151 1381 223 1403 sexu
246 1374 376 1410 potiori,
404 1374 434 1403 in
456 1374 564 1403 morbis
588 1384 604 1404 a
627 1375 717 1404 nimia
737 1375 909 1405 cohaesione
932 1375 1004 1405 ortis
1027 1376 1123 1405 videre
1144 1382 1197 1406 est.
1238 1375 1289 1410 Id,
1318 1368 1399 1411 qu6d
1426 1374 1461 1402 de
1483 1379 1548 1402 toto
1575 1373 1669 1408 valet,

152 1426 229 1455 valet
251 1435 370 1461 quoque
391 1427 426 1454 de
450 1426 573 1463 singulis
596 1427 739 1463 partibus.
780 1427 961 1462 Inquirentes
977 1429 1008 1456 in
1023 1435 1158 1464 causam,
1188 1434 1240 1454 cur
1260 1433 1371 1453 summa
1389 1424 1506 1453 durities
1528 1424 1557 1452 in
1580 1423 1672 1452 denti-

154 1476 232 1512 bus,
255 1477 350 1506 minor
371 1477 401 1506 in
423 1477 559 1512 ossibus,
580 1485 680 1505 rursus
705 1478 789 1514 longe
810 1479 906 1508 minor
928 1479 958 1508 in
982 1479 1145 1515 musculis,
1168 1478 1296 1508 omnium
1320 1486 1388 1506 vero
1408 1477 1525 1506 minima
1548 1477 1577 1505 in
1597 1476 1669 1513 ipsis

153 1528 254 1558 fluidis
277 1528 407 1565 corporis
429 1529 558 1557 animalis
586 1527 770 1564 observetur}
798 1529 955 1559 incidimus
980 1531 1011 1560 in
1031 1530 1098 1559 talia
1117 1530 1276 1566 principia,
1301 1538 1374 1565 quae
1398 1528 1494 1557 ubivis
1512 1528 1541 1557 in
1559 1527 1670 1557 diversa

155 1579 206 1609 illa
227 1580 383 1616 mixtione,
405 1589 478 1616 quae
500 1580 530 1608 in
547 1589 668 1616 corpore
690 1580 804 1610 animali
833 1582 964 1618 obtinet,
989 1582 1120 1611 diversos
1142 1581 1209 1610 illos
1234 1569 1417 1610 'cohaesionis
1443 1580 1546 1617 gradus
1569 1579 1672 1608 debent

156 1631 275 1660 efficere.
316 1631 364 1660 Sic
383 1631 532 1668 phosphas
549 1631 655 1667 calcis,
678 1641 745 1660 cum
766 1641 850 1669 parea
872 1634 993 1671 gelatina
1013 1639 1040 1662 et
1056 1632 1231 1669 paucissima
1252 1641 1345 1668 aqua,
1368 1633 1465 1661 dentes
1490 1630 1673 1659 firmissimos

157 1681 245 1712 facit:
267 1691 341 1718 aqua
362 1690 481 1718 contra,
501 1691 567 1711 cum
593 1683 714 1720 gelatina
737 1690 764 1713 et
783 1692 868 1721 parca
889 1685 972 1722 copia
995 1685 1168 1722 phosphatis
1189 1683 1295 1719 calcis,
1323 1683 1429 1713 format
1450 1682 1594 1719 liquorem
1614 1681 1673 1711 ani-

158 1734 260 1762 malem
285 1742 386 1770 parum
407 1735 614 1762 cohaerentem.

196 1785 407 1822 Argumentum
430 1785 585 1823 Quartum.
626 1786 748 1823 Aledio,
770 1787 871 1825 quibus
887 1789 953 1816 unio
973 1788 1189 1825 principiorum
1210 1793 1362 1825 corporum
1383 1786 1585 1823 organicorum
1610 1794 1671 1813 nm-

159 1843 266 1872 tatur,
287 1843 378 1875 agunt
399 1837 538 1874 affinitate
561 1836 706 1867 Chemica.
754 1838 821 1869 Huc
842 1839 984 1876 pertinent
1005 1839 1076 1875 air,
1103 1838 1263 1875 alimenta,
1286 1837 1512 1874 medicamenta,
1541 1844 1568 1866 et
1596 1845 1677 1867 venc-

160 1897 213 1918 na.
252 1889 297 1918 De
314 1888 440 1926 singulis
463 1888 619 1919 videamus.

943 2042 965 2070 B
987 2052 1004 2070 2
1595 2041 1680 2072 Λίἓκ.
