1960 2500
369 203 392 237 3
827 192 862 229 J.
924 199 1047 230 vAN
1103 187 1440 227 VVOORST

370 298 444 336 Sed
465 309 542 334 ecce
567 302 741 342 tanquam
771 304 790 327 e
824 302 949 326 somno
976 290 1178 327 excitantur
1205 289 1497 326 excellentissimi
1514 289 1552 326 in
1568 290 1717 341 Europa
1740 293 1885 331 heroes:

366 361 456 398 Dux
483 367 516 394 et
536 364 661 392 auctor
688 353 829 390 consilii
853 347 991 389 exstitit
1019 362 1350 398 ΑΒΕΧΑΝΒΕΗ,
1382 352 1539 388 Russiae
1559 353 1781 402 Imperator,
1809 356 1884 391 cle-

366 419 613 458 mentissimus
630 417 724 453 idem
747 424 788 451 ‘et
814 414 1084 464 generosissimi
1109 414 1218 450 animi
1246 414 1431 463 Princeps.
1484 414 1700 451 Immensam
1727 416 1887 453 militum

370 492 405 520 et
435 482 595 529 undique
622 477 890 529 convolantium
932 477 1067 514 civium
1102 483 1326 512 armatorum
1352 475 1571 514 brevissimo
1608 485 1766 526 tempore
1797 490 1886 514 con-

368 551 530 582 traxerat
547 539 835 584 multitudinem3
862 551 933 573 non
948 551 1027 574 eam
1044 537 1282 587 profligandis
1302 545 1337 574 et
1366 552 1386 574 a
1405 537 1540 574 finibus
1567 539 1643 574 suis
1669 539 1888 587 repellendis

368 603 603 649 infensissimi
632 602 748 642 hostis
776 599 996 647 exercitibus
1021 600 1141 636 adhuc
1165 612 1312 648 parem,
1342 600 1405 637 sed
1435 601 1473 636 in
1501 600 1576 636 dies
1590 601 1883 646 increscentem,

369 677 404 709 et
422 680 493 705 una
511 664 667 701 omnium
692 663 877 703 civitatum
896 662 1084 703 voluntate
1103 670 1136 697 et
1153 662 1294 710 magnis
1316 660 1448 710 opibus
1466 670 1716 699 sustentatam.
1767 663 1887 713 Nulla¹

368 741 456 771 vero
474 726 683 764 liberandae
700 733 734 767 et
752 724 1019 762 conservandae
1037 723 1211 760 Moscuae
1232 736 1314 772 spes
1333 732 1534 773 supererat.
1563 723 1689 760 Rebus
1714 724 1886 772 despera-

369 792 440 835 tis,
463 789 552 824 haec
569 788 688 823 solum
710 787 842 831 salutis
862 786 1103 834 expediendae
1123 787 1186 822 via
1207 798 1395 834 superesse
1414 786 1622 834 judicatur,
1650 793 1690 821 ut
1715 775 1892 836 princeps

369 851 509 900 imperii
539 849 640 885 sedes
681 856 714 883 et
748 848 952 884 veneranda
992 848 1141 884 ultimae
1177 848 1400 896 antiquitatis
1441 849 1688 885 conservatrix
1705 876 1717 893 ,
1758 845 1890 885 incolis

371 915 450 950 suis
468 911 593 948 orbata
611 919 644 946 et
664 909 828 954 deserta,
854 906 1046 945 effrenatae
1072 910 1254 957 copiarum
1282 911 1652 959 appropinquantium
1678 908 1824 947 libidini
1839 897 1891 952 ‚eti

370 973 548 1012 ferocitati
569 971 820 1006 concederetur
835 998 847 1016 ,
877 979 910 1005 et
924 978 1058 1018 quanta
1079 978 1214 1019 quanta
1239 983 1303 1018 pro
1337 972 1454 1006 salute
1477 972 1617 1019 patriae
1634 972 1891 1013 devoveretur„

372 1034 545 1072 Prudemi
571 1032 874 1077 anteafflconsilio,
910 1031 1092 1080 quidquid
1127 1032 1293 1079 inprimis
1327 1040 1512 1077 sanctum,
1540 1033 1740 1079 pretiosum
1771 1040 1812 1066 et-
1831 1031 1892 1082 ᾷίτζ,

370 1097 501 1136 lectum
531 1101 643 1139 esset,
668 1094 706 1130 in
734 1093 812 1128 loca
845 1094 979 1129 tutiora
1004 1106 1113 1141 quam
1139 1092 1323 1128 celerrime
1363 1094 1596 1129 transfertur.
1661 1093 1773 1140 Signo
1803 1082 1899 1143 dato(

371 1158 478 1205 longe
503 1155 660 1191 maxima
683 1166 770 1202 pars
798 1154 955 1199 civium,
987 1154 1031 1190 de
1049 1153 1157 1189 rebus
1177 1154 1253 1190 suis
1274 1154 1479 1200 admonita,
1507 1154 1629 1203 quoad
1659 1153 1739 1200 ejus
1767 1152 1888 1188 facere

370 1226 507 1267 potest,
537 1224 680 1264 repente
701 1228 738 1251 se
755 1229 801 1276 ez
821 1215 911 1251 urbe
927 1216 1081 1265 proripit
1099 1224 1131 1251 et
1149 1216 1332 1253 turmatim
1351 1217 1530 1264 erumpit,
1558 1216 1596 1252 in
1623 1227 1746 1251 omnes
1762 1222 1899 1262 partes?

372 1280 458 1316 susa
499 1292 540 1314 ac
567 1278 730 1326 dispersa
741 1291 753 1324 ;
779 1278 1033 1326 unusquisque
1060 1291 1178 1327 vagus
1207 1286 1241 1314 et
1273 1278 1379 1314 exsul
1418 1291 1539 1314 errare
1575 1278 1740 1323 mavult,
1776 1287 1888 1326 quam

372 1341 516 1382 odiosae
542 1340 774 1375 dominationi
801 1339 959 1380 cervices
988 1339 1086 1375 dare.
1139 1340 1212 1389 (1)
1241 1340 1325 1376 Mox
1353 1342 1514 1389 primum
1540 1340 1679 1376 Gallici
1707 1327 1899 1385 exercitus

374 1414 502 1451 agmen
520 1411 605 1445 jeam
624 1400 729 1436 facile
748 1398 888 1437 obsidet
897 1413 908 1446 3
937 1400 1022 1446 sed,
1047 1409 1087 1436 ut
1115 1402 1394 1450 magistratuum
1423 1417 1511 1439 cura
1538 1415 1652 1451 aeque
1683 1414 1725 1437 ac
1747 1399 1899 1450 praesir„

375 1464 446 1500 diis
471 1460 694 1499 militaribus
721 1461 930 1498 destitutam
959 1470 992 1498 et
1019 1463 1163 1498 omnino
1192 1463 1401 1500 derelictam
1427 1466 1547 1510 videt,
1575 1462 1891 1500 vehementissimo

374 1526 575 1574 percutitur
593 1523 759 1559 horrore.
809 1522 936 1558 Duces
955 1523 1014 1559 vel
1034 1524 1191 1559 maxime
1212 1525 1386 1572 impavidi
1412 1534 1484 1562 tota
1506 1533 1622 1561 mente
1640 1533 1749 1574 atque
1772 1522 1890 1561 omni·

374 1587 449 1622 bus
475 1585 630 1622 artubus
655 1584 944 1620 contremiscunt.
1002 1585 1222 1632 Napoleonti
1247 1586 1338 1622 foris
1365 1587 1484 1623 adhuc
1509 1583 1889 1628 morantiacerbissi-

375 1660 456 1684 mus
475 1648 657 1696 perfertur
676 1646 849 1691 nuntius,
877 1659 1016 1682 omnem
1038 1647 1109 1694 ipsi
1127 1647 1174 1682 ad
1185 1647 1313 1683 'urbem
1332 1657 1454 1696 patere
1484 1648 1646 1694 aditum,
1675 1646 1738 1683 sed
1759 1646 1901 1698 civita--¹

374 1717 469 1754 tem,
496 1709 555 1744 cui
580 1715 785 1756 praeesset,
811 1706 864 1743 ibi
893 1720 963 1743 non
988 1708 1146 1756 amplius
1170 1709 1361 1756 exsistere3
1387 1710 1578 1760 magnifica
1614 1709 1773 1758 conspici
1798 1716 1907 1744 tem-v

375 1770 462 1819 pla,
491 1770 635 1818 aliaque
656 1770 844 1805 innumera
867 1777 900 1805 et
930 1777 1140 1815 sumtuosa,
1170 1783 1253 1807 eum
1277 1771 1427 1820 publica
1453 1781 1529 1808 tum
1551 1772 1720 1837 privata,
1750 1768 1901 1818 reperi-j·

378 1833 411 1868 ri
432 1831 589 1868 aedificia
602 1859 615 1876 ‚
643 1831 705 1866 sed
723 1830 788 1879 qui
809 1843 850 1865 ea
872 1838 935 1866 aut
954 1831 1177 1868 custodirent
1206 1842 1269 1869 aut
1297 1834 1494 1870 incolerent
1520 1835 1661 1871 omnino
1682 1845 1753 1868 non
1777 1829 1905 1883 yades?

377 1906 439 1939 se;
463 1893 597 1928 multas
616 1900 649 1927 et
664 1893 814 1929 maximi
826 1893 936 1939 pretii
952 1905 1013 1940 res
1033 1893 1078 1929 ad
1097 1894 1336 1942 diripiendum
1357 1904 1390 1931 et
1409 1897 1639 1944 expilandum
1654 1897 1693 1932 in
1718 1892 1809 1942 urbe
1825 1902 1895 1943 re-¹

378 1956 463 1991 licta
484 1965 694 2001 superesse,
720 1953 784 1988 sed
797 1954 1027 2000 necessarias
1044 1967 1169 1994 ,omnes
1185 1957 1294 2006 plane
1321 1953 1547 2001 desiderarh'
1804 1995 1808 2002 Δ
1842 1999 1845 2001 ,
1867 1985 1905 2006 ης,

427 2015 596 2062 Supremi
615 2014 787 2052 Numinis
795 2043 809 2061 ,
838 2013 883 2052 ab
899 2014 978 2053 ‚hoc-
990 2016 1070 2066 ipso
1084 2018 1259 2068 temporisy
1270 2028 1406 2069 puncto
1420 2008 1488 2068 pro
1505 2021 1671 2068 justitiae
1686 2029 1796 2066 causa
1813 2029 1900 2067 937⁸

393 2114 410 2120 ,,
446 2112 464 2119 „
1447 2076 1452 2081 ⁸
1769 2074 1772 2076 ’
1810 2080 1885 2117 lam
