1960 2500
327 178 373 214 14
779 164 999 211 J.vA.N
1051 161 1394 202 ‚VOORST

325 277 510 318 acceptum
529 263 659 301 referri
677 261 807 298 debere
825 270 1004 299 eventum.
1032 263 1080 300 Et
1100 277 1179 301 ecce
1201 265 1665 315 Principes-augustissimi
1677 295 1689 314 ‚
1709 269 1747 305 in
1765 270 1846 318 ipsa

326 334 394 371 illa
423 340 610 367 sacrorum
636 325 866 362 contemtrice
905 324 996 362 urhe
1031 325 1178 364 Lutetia
1178 355 1202 379 4
1232 338 1475 365 7ΒΑΝΩΤΗΜ
1510 328 1605 367 illud
1645 330 1849 380 Religionis

327 403 512 432 tonnus
542 390 695 435 ineunt5
719 389 762 425 de
794 399 869 436 quo
897 387 983 436 Tu,
1010 389 1436 437 -optimezxn'MPnuE,
1466 399 1499 428 et
1517 403 1611 432 -vere
1641 399 1675 429 et
1704 393 1850 441 elegan-

327 465 405 502 ter,
433 463 474 490 ut
497 452 618 497 soles,
647 463 691 486 ex
710 449 778 486 hoc
796 450 876 498 ipso
893 459 974 487 ante
1002 464 1136 489 annum
1161 452 1241 488 loco
1266 451 1476 499 affirmasti,
1514 481 1542 499 ‚,
1565 453 1753 502 Principes
1771 454 1851 491 Lu-

327 519 433 555 tetiae
455 513 751 565 potissimum-id
779 512 898 548 videri
925 526 1085 563 pangere
1111 514 1298 561 volu-iisse,
1335 524 1374 551 ut
1408 516 1536 552 saltem
1564 529 1678 552 unum
1709 516 1853 566 aliquid

329 587 424 617 esset
435 607 447 625 ,
477 577 576 627 quod
593 576 781 611 horrorem
800 574 960 612 Parisini
983 578 1143 613 nominis
1158 578 1255 626 apud
1281 586 1404 628 gentes
1426 578 1600 616 domaret.
1615 580 1639 597 ⁷’
1666 582 1678 628 (
1692 580 1713 614 5
1727 579 1754 626 ).

385 642 428 678 ln
451 640 519 675 hac
546 638 759 687 praesertim
778 639 942 686 pactione
967 639 1166 689 singularis
1194 641 1258 677 ille
1280 640 1491 688 Principum
1510 643 1546 677 in
1561 641 1761 688 profitenda
1780 641 1855 678 Re-

300 734 310 738 ,
334 705 472 753 ligione
502 701 715 737 Christiana
744 700 965 748 conspicitur
994 714 1204 740 consensus.
1265 703 1314 740 Et
1341 703 1672 751 primuqunidem
1702 703 1792 748 hoe,
1819 703 1857 741 in

330 768 412 815 ipso
438 763 816 808 formulaeintroitu,
851 762 1084 800 memorabile
1114 766 1272 802 occurrit
1281 765 1292 811 ᾗ
1330 765 1430 814 quod
1458 765 1552 800 eund
1567 778 1610 800 m
1637 764 1748 799 animi
1776 776 1859 799 sen-

331 839 440 872 sum,
470 839 540 875 quo
567 825 742 874 optimum
771 837 954 875 quemque
983 826 1097 862 civem
1127 826 1333 877 Religionis
1362 835 1562 872 amantem,
1593 839 1631 862 re
1655 826 1701 861 ad
1721 825 1859 863 exitum

331 890 530 941 perducta,
568 886 856 924 Providentiam·
875 887 948 924 Dei
977 897 1187 925 veneratum
1221 902 1298 925 esse
1328 889 1488 925 diximus
1506 917 1518 935 ,
1558 889 1679 924 statim
1720 899 1860 923 summo

333 952 487 988 candore
511 951 675 996 aperiant
703 957 736 983 et
762 949 956 985 enuntient.
1019 950 1271 1000 Quaecunque
1297 963 1405 1000 ergo,
1445 951 1626 1000 singulari
1656 950 1723 986 illo
1750 949 1862 990 trium

338 1025 539 1056 annorum,
570 1022 663 1059 quos
689 1008 851 1046 breviter
876 1011 1151 1058 percurrimus,
1181 1014 1403 1059 intervallo,
1432 1026 1476 1049 ex
1500 1013 1616 1058 votis,
1644 1012 1718 1051 imo
1749 1022 1863 1059 supra

334 1088 475 1113 omnem
505 1085 602 1122 spem
630 1070 875 1117 acciderunt,'
891 1070 1070 1109 benevola
1090 1074 1167 1109 Dei
1190 1076 1444 1126 procuratione
1461 1074 1645 1119 evenisse,
1664 1073 1723 1121 pie
1738 1081 1863 1122 grate-

329 1145 408 1187 que
428 1135 605 1173 affirmant
632 1143 665 1170 et
696 1134 934 1184 praedicant;
962 1134 1008 1170 ab
1035 1135 1198 1184 ejusdem
1225 1136 1344 1172 solum
1371 1136 1525 1172 arbitrio
1553 1143 1586 1172 et
1612 1133 1770 1183 benigno
1793 1146 1865 1171 nu-

330 1199 461 1244 mine,
500 1198 689 1247 quidquid
723 1198 760 1233 in
796 1197 962 1234 futurum
998 1198 1194 1245 optandum
1227 1199 1278 1235 sit
1309 1199 1489 1235 honorum
1507 1225 1520 1244 ,
1564 1197 1688 1233 itidem
1724 1197 1866 1244 sperari

338 1272 447 1311 posse
465 1268 575 1309 atque
592 1268 781 1309 oportere3
808 1259 877 1296 hoo
897 1273 934 1295 se
951 1260 1066 1302 teneri
1083 1259 1220 1306 officio,
1249 1270 1290 1297 ut
1307 1261 1345 1297 id
1372 1261 1495 1309 palam
1515 1259 1775 1309 profiteantur,
1804 1265 1862 1304 et,

328 1323 468 1359 ‘icendo
487 1323 554 1358 illo
571 1331 604 1358 et
623 1324 659 1359 in
673 1322 864 1371 publicum
884 1323 1100 1371 proferendo
1117 1323 1283 1370 foedere,
1309 1324 1376 1359 toti
1396 1332 1578 1359 terrarum
1596 1320 1678 1357 orbi
1699 1319 1867 1356 firmissi-

338 1396 440 1421 mum
461 1385 528 1420 hoc
545 1383 707 1433 patefieri
730 1385 826 1421 velle
843 1385 951 1421 animi
967 1386 1192 1434 propositum
1207 1414 1218 1431 ,
1239 1398 1313 1434 quo
1333 1385 1468 1434 singuli
1492 1397 1529 1419 se
1557 1390 1678 1419 sancte
1705 1382 1865 1418 obstrin-

341 1448 483 1493 xerint‚
512 1447 558 1482 ad
577 1460 654 1482 eam
676 1447 818 1492 solum,
848 1460 929 1483 curn
951 1448 988 1482 in
1014 1446 1126 1482 rebus
1151 1448 1380 1493 domesticis,
1410 1456 1488 1483 tum
1518 1447 1555 1482 in
1582 1446 1754 1482 universo
1783 1455 1866 1479 cum

343 1509 425 1544 aliis
442 1508 609 1557 gentibus
627 1509 856 1554 commercio,
872 1509 1091 1557 sequendam
1102 1510 1291 1558 regulam,
1303 1522 1399 1558 quae
1409 1508 1614 1557 Religionis
1626 1506 1863 1544 Christianae

340 1571 543 1621 praeceptis
561 1571 812 1619 institutisque
837 1573 1081 1617 contineatur3
1111 1571 1156 1607 ad
1177 1571 1271 1607 hanc
1299 1584 1462 1607 normam
1490 1571 1607 1607 omnia
1627 1570 1665 1605 in
1684 1575 1866 1616 posterum

346 1632 589 1668 contrahenda
610 1632 754 1667 foedera
774 1632 892 1681 exigi,
921 1641 954 1668 et
973 1633 1017 1668 ab
1038 1633 1105 1668 hoc
1133 1633 1231 1680 jacto
1255 1633 1489 1669 fundamento
1516 1643 1654 1667 omnem
1673 1629 1867 1666 eorundem

347 1693 454 1729 fidem
482 1702 517 1730 et
542 1695 777 1729 constantiam
796 1694 908 1741 repeti
935 1703 1110 1741 oportere.
1164 1696 1205 1731 In
1225 1694 1293 1732 hoc
1309 1695 1437 1732 foedus
1460 1693 1682 1743 magnanimi
1709 1692 1768 1727 illi
1792 1699 1867 1727 tres

347 1754 558 1802 Principes,
587 1768 766 1803 quorum,
795 1756 832 1790 in
861 1756 1059 1793 Germania
1090 1759 1322 1806 sospitanda‚
1352 1758 1425 1793 imo
1440 1764 1514 1792 tota
1535 1754 1725 1791 liberanda
1746 1753 1866 1790 Euro-

347 1829 417 1864 pa,
440 1817 634 1865 primariae
662 1817 763 1853 fuere
781 1827 926 1866 partes,
956 1818 1023 1854 hac
1040 1828 1137 1855 tanta
1157 1833 1195 1856 re
1213 1821 1396 1866 confecta,
1426 1819 1610 1863 coierunt,
1638 1826 1672 1853 et
1688 1818 1780 1853 hanc
1799 1814 1865 1851 ad-

350 1878 551 1925 junxerunt
571 1879 707 1928 legem,
729 1888 769 1915 ut
796 1881 916 1915 eadem
939 1883 1200 1919 consociatione
1219 1883 1400 1928 aliorum,
1423 1888 1602 1931 quotquot
1624 1880 1780 1925 vellent,
1804 1890 1864 1914 ac·-

351 1941 503 1975 oessioni
530 1941 678 1978 daretur
698 1942 813 1979 locus.
843 1943 916 1992 (6)

401 2000 438 2036 Ο
465 2003 706 2051 inexspectata
736 2017 858 2041 rerum
885 2005 1090 2044 conversio!
1143 2007 1178 2044 O
1204 2004 1413 2043 admiranda
1439 2004 1536 2051 Dei,
1565 2013 1606 2042 ut
1628 2016 1686 2041 res
1714 1999 1863 2037 univer-⁴

1781 2072 1841 2096 sas
1848 2091 1863 2112 ³
