1940 2474
511 166 1033 204 σοΜΜΕΝΤΑΤῙο
1098 170 1373 204 mamea.
1661 183 1704 217 29

185 264 342 293 numquam
366 265 451 286 usum
476 258 618 293 quendam
640 264 781 295 praestare
810 257 839 286 in
864 258 971 287 morbis
997 258 1240 294 inflammatoriis,
1266 259 1323 287 nisi
1345 265 1413 295 post
1440 258 1565 288 ablatum
1589 259 1701 289 inflam-

184 309 334 338 mator-ium
360 310 548 338 characterem
570 308 815 346 antiphlogisticis
833 310 976 338 oemediis.
1017 309 1125 338 Melior
1142 310 1250 346 igitur,
1268 317 1294 338 et
1317 310 1345 338 in
1366 317 1480 339 naturae
1499 311 1700 340 observatione

183 368 274 397 magis
307 360 443 396 fundata,
471 360 585 389 videtur
609 360 749 389 sententia
772 368 886 395 eorum,
916 360 966 396 qui
993 361 1154 396 rationem„
1187 363 1245 396 qua
1276 362 1479 390 medicamenta
1509 363 1697 398 antipyretica

182 418 291 448 agunt,
313 412 343 440 in
367 412 504 447 peculiari
528 411 677 442 reactione*
693 412 727 440 ad
749 411 902 439 stimulum
918 418 1043 447 ponunt.
1080 411 1158 440 Hinc
1176 412 1264 448 igitur
1281 419 1378 449 patet,
1396 422 1448 442 cur
1471 414 1540 442 levis
1553 414 1703 443 modifica-

182 462 225 491 tio
255 462 359 492 virium
385 463 517 491 vitalium
540 464 630 492 levem
653 471 790 498 quoque,
819 469 942 491 attamen
965 462 1109 498 aliquam,
1134 462 1320 492 differentiam
1350 465 1479 494 exhibeat
1504 464 1533 492 in
1558 465 1700 494 reactione

179 512 248 549 illan
269 520 357 550 atque
376 514 447 542 adeo
456 520 471 549 ,·
488 522 541 542 cur
560 513 682 542 diversis
700 513 824 542 febrium
844 514 873 542 in
891 513 1044 550 speciebus
1065 515 1176 543 diversa
1195 515 1278 544 etiam
1298 524 1366 544 cura
1386 516 1547 545 conveniat.

218 565 293 594 LuIs
314 565 461 593 Venerem
483 571 611 594 naturam
633 573 695 594 esse
712 565 897 601 Chemicam,
917 572 945 593 et
965 564 1079 600 quidem
1097 565 1126 594 in
1143 565 1257 595 defectu
1274 567 1409 603 principii
1428 567 1609 604 oxygenetici
1630 575 1702 597 con-

181 615 302 652 sistere,
332 616 416 645 etiam
442 617 713 646 medicamentorum
735 617 849 646 actione
870 614 993 652 ‘probare
1007 623 1157 645 ‚conantur
1178 618 1321 646 Chemici.
1367 618 1482 647 Interim
1504 625 1602 647 contra
1627 620 1704 648 hanc

179 668 348 697 sententiam
369 668 440 697 varii
466 668 628 697 doctissimi
653 668 707 696 viri
727 669 785 705 jam
810 669 900 696 multa
923 668 1102 704 scripserunt
1123 676 1307 705 argumenta,
1331 678 1456 705 quorum
1483 671 1637 707 praecipua
1654 670 1703 699 hic

179 718 260 753 brevi
284 728 347 748 sum
366 721 518 748 relaturus.
564 722 607 747 1⁰.
630 719 762 748 Effectus
785 720 888 748 horum
910 718 1182 746 medicamentorum
1208 718 1238 746 in
1264 727 1371 755 corpus
1398 720 1555 749 humanum
1579 729 1641 748 non
1659 728 1701 748 re-

175 771 320 806 spondent
344 770 498 806 quantitati
517 764 651 807 oxyigenii
674 769 821 804 contenti,
850 770 890 797 ita
914 769 1030 805 quidem
1060 776 1092 797 ut
1115 769 1228 805 aliquot
1249 778 1334 806 grana
1359 772 1517 807 praeparati
1543 772 1696 809 cujusdam

178 821 358 858 mercurialis
387 822 453 857 plus
479 821 610 856 valeant,
637 829 721 856 quam
742 821 827 856 longe
848 821 938 856 major
953 820 1028 849 acidi
1049 820 1160 855 citric-i‚
1186 821 1284 849 nitrici
1305 822 1503 858 aliorumque,
1530 824 1701 860 quantitas;

177 880 263 902 nemo
279 878 354 900 certe
367 870 486 907 dixerit,
501 872 576 900 acidi
596 871 689 900 citrici
708 871 821 900 unciam
840 879 899 899 non
913 871 980 907 plus
999 872 1133 908 oxygenii
1150 872 1311 908 continere,
1330 882 1414 909 quam
1431 874 1571 903 Mercurii
1588 875 1704 910 dulcis,

173 925 221 953 vel
236 930 263 952 et
278 923 426 953 sublimati
445 923 586 952 corrosivi
606 922 720 958 aliquot
734 931 830 959 grana.
882 924 930 951 20.
950 922 997 951 Ex
1016 923 1145 959 globulis
1163 923 1312 953 metallicis
1328 931 1398 961 post
1417 932 1537 954 mortem
1561 926 1590 954 in
1612 926 1701 954 intes-

174 974 245 1005 tinis
271 983 391 1011 eorum,
412 975 463 1011 qui
486 983 582 1004 curam
602 974 781 1005 salivationis
804 974 881 1010 passi
903 980 990 1010 sunt,
1013 973 1138 1003 inventis
1158 982 1356 1012 argumentum
1379 983 1472 1013 petere
1491 986 1551 1006 non
1572 984 1700 1013 possunt

172 1025 374 1064 Eneumatici„
412 1026 479 1055 Hoc
500 1026 574 1055 enim
599 1026 816 1069 phaenomenon
841 1025 866 1055 si
888 1025 1075 1061 observatur,
1103 1034 1214 1062 semper
1240 1027 1351 1056 abusus
1381 1029 1590 1058 mercurialium
1623 1038 1700 1058 mor-

172 1083 230 1107 tem
249 1078 424 1115 praecessit,
453 1087 512 1115 quo
537 1077 646 1108 factum
663 1099 673 1114 ‚
706 1085 739 1107 ut
766 1087 826 1108 non
855 1079 980 1115 amplius
1008 1077 1185 1114 principium
1207 1079 1281 1108 vitae
1312 1079 1425 1116 legibus
1452 1080 1600 1109 Chemicis
1630 1080 1710 1116 resi<

173 1136 250 1166 stere
271 1130 419 1167 potuerit,
441 1131 491 1159 sed
514 1130 637 1167 plenarie
661 1130 910 1167 exstingueretur,
931 1130 1016 1166 cujus
1039 1129 1158 1159 effectus
1178 1137 1222 1159 est
1243 1131 1306 1166 ipsa
1325 1131 1431 1160 metalli
1452 1132 1593 1161 reductio.
1640 1132 1698 1162 His

171 1187 266 1213 autem
289 1182 353 1212 addi
377 1189 496 1218 posset,
526 1183 605 1218 quod
625 1181 803 1210 Pneumatici
830 1181 906 1209 inter
927 1181 1007 1210 varia
1032 1182 1154 1219 oxydata
1181 1182 1384 1212 medicamenta
1411 1184 1494 1212 etiam
1527 1184 1616 1213 citent
1639 1183 1712 1220 aci-t⁴

170 1233 240 1262 dum
264 1233 447 1262 muriaticam
470 1240 675 1273 oxygenatum.
714 1233 832 1261 Interim
849 1232 971 1262 illustris
991 1233 1092 1271 Davyi
1112 1234 1187 1263 circa
1212 1235 1300 1272 hujus
1321 1234 1408 1264 Acid.
1427 1245 1505 1264 mur.
1529 1244 1612 1273 oxyg.
1635 1235 1703 1264 dic-⁷

167 1284 193 1316 ti
213 1290 344 1314 naturam
372 1286 506 1321 inventa,
537 1286 617 1321 quod
649 1293 753 1321 nempe
777 1284 893 1313 nonnisi
915 1293 1023 1320 purum
1046 1284 1085 1313 sit
1111 1294 1165 1322 gaz
1194 1286 1387 1323 mur-igenium
1417 1286 1621 1323 (halogenium
1646 1285 1713 1315 vel·

165 1335 360 1372 chlorinae),
393 1337 517 1371 docent,
549 1337 632 1365 nullo
660 1337 746 1364 modo
769 1336 824 1364 hoc
844 1344 933 1376 posse
952 1345 1032 1365 suam
1053 1343 1195 1372 praestare
1219 1337 1370 1366 utilitatem
1394 1345 1444 1373 per
1469 1337 1713 1374 oxygeneticum-

167 1386 357 1423 principium.
399 1386 430 1415 Si
450 1387 540 1425 igitur
560 1388 618 1424 jam
641 1387 777 1416 Chemice
796 1386 872 1415 foret
890 1387 1060 1423 explicanda
1073 1389 1225 1424 ejus-actio
1242 1389 1273 1417 in
1288 1390 1335 1417 lue
1355 1389 1492 1423 venerea,
1519 1389 1586 1417 haec
1608 1397 1695 1418 num-

171 1445 256 1472 quam
277 1437 384 1465 directa
412 1444 475 1465 esse
505 1444 607 1473 posset
642 1438 696 1474 (in
721 1438 874 1465 tribuendo
904 1445 1007 1473 nempe
1038 1447 1095 1466 suo
1122 1439 1265 1475 oxygenio
1295 1439 1410 1475 corpori
1440 1439 1612 1476 humano):
1642 1440 1697 1469 sed

169 1487 246 1517 foret
277 1488 353 1516 actio
387 1486 545 1523 indirecta,
574 1488 595 1517 i.
626 1496 673 1524 e.,
704 1496 739 1516 ex
764 1488 899 1516 affinitate
923 1488 1011 1526 hujus
1044 1497 1097 1525 gaz
1133 1489 1286 1526 murigenii
1317 1499 1382 1518 cum
1412 1491 1608 1527 hydrogenio,
1636 1492 1695 1520 hoc

167 1538 269 1568 forsan
289 1548 305 1567 a
330 1547 450 1574 corpore
469 1539 670 1575 divelleretur,
694 1545 726 1567 ut
749 1548 854 1568 novam
876 1539 959 1567 iniret
979 1540 1133 1576 unionem,
1160 1541 1228 1569 dum
1249 1541 1302 1570 lille
1326 1541 1435 1570 ratione
1454 1543 1600 1577 quantitas
1622 1551 1696 1580 oxy·

171 1590 246 1627 genii
269 1589 299 1618 in
319 1599 440 1627 corpore
460 1599 520 1619 non
545 1590 661 1628 quidem
685 1590 840 1626 absolute,
868 1591 918 1619 sed
939 1591 1073 1626 relative,
1101 1592 1138 1620 ad
1158 1598 1249 1620 cetera
1273 1592 1414 1629 principia
1437 1600 1521 1622 aucta
1547 1593 1634 1623 foret.
1657 1608 1696 1622 τ·-

166 1641 262 1679 Quam
278 1649 348 1670 vero
368 1641 556 1678 hypothetica
579 1642 647 1671 haec
666 1649 763 1671 nostra
784 1642 938 1679 explicatio
961 1643 1019 1678 sit,
1040 1642 1099 1678 ipsi
1118 1643 1192 1671 clare
1210 1644 1418 1680 perspicimus.

205 1692 317 1721 Contra
344 1692 630 1730 autemlopinionem
657 1693 821 1723 doctIssimi
842 1693 996 1729 Craanen,
1019 1694 1053 1722 de
1079 1694 1192 1723 actione
1213 1695 1459 1724 antivenercorum
1488 1703 1515 1725 et
1539 1697 1694 1733 praecipue

165 1743 385 1779 merem-alium,
413 1745 492 1779 quod
519 1753 621 1780 nempe
651 1745 859 1781 hydrargyrum
881 1745 1019 1773 Chemice
1040 1753 1108 1773 cum
1131 1745 1278 1775 iniasmate
1303 1755 1422 1775 venereo
1445 1747 1688 1784 conjungeretur3

165 1802 267 1824 contra
288 1795 381 1830 hanc,
410 1795 501 1830 dico,
525 1796 691 1832 opinionem
718 1797 837 1825 unicum
860 1797 1061 1826 tantummodo
1086 1803 1284 1833 argumentum
1310 1796 1407 1825 afferre
1434 1797 1530 1825 lubet:
1560 1799 1639 1832 quod
1662 1798 1692 1827 si

167 1855 214 1877 res
241 1846 279 1876 ita
309 1854 370 1875 sese
395 1846 527 1881 haberet,
555 1847 760 1884 hydrargyrum
785 1856 845 1877 non
874 1849 1052 1884 oxydatum‚
1081 1857 1187 1885 corpus
1209 1856 1358 1877 venereum
1387 1848 1566 1888 ingressum,
1588 1850 1688 1880 eodem

170 1899 257 1930 modo
275 1906 372 1928 curam
391 1897 538 1928 absolvere
561 1899 694 1936 deberem,
713 1899 742 1929 id
769 1899 848 1936 quod
869 1899 962 1931 adhuc
983 1900 1064 1931 nulla
1081 1899 1180 1931 Praxis
1201 1899 1350 1937 probavit.

928 2056 955 2087 D
978 2064 994 2095 3
1624 2067 1685 2087 vn·-
