1940 2474
420 140 934 176 COMMENTATIO
988 139 1318 176 CHEMICA.
1580 145 1622 178 25

106 232 235 263 omnium
263 228 407 259 minimam
430 229 564 267 oxygenii
585 228 772 265 quantitatem
795 234 965 264 assumunt,
992 236 1026 258 ut
1047 229 1257 265 sempervivum
1286 235 1450 266 tectorum,
1480 231 1619 269 saxifraga

105 284 272 320 cotyledon.
443 301 446 305 .
694 306 696 308 ,
822 308 825 311 ,
845 304 846 308 ,
873 307 896 311 ,,
968 304 973 311 ,
1011 307 1015 311 .

143 334 259 372 Quanta
281 333 391 363 interim
421 332 554 369 oxygenii
577 334 661 368 copia
680 331 806 360 deleatur
832 333 896 362 luce
917 332 1023 362 clarius
1047 338 1189 370 apparet,
1219 332 1245 361 si
1270 333 1336 369 quis
1361 333 1447 362 modo
1472 333 1508 362 ad
1534 332 1618 363 innu-

106 393 211 415 meram
233 385 372 414 foliorum
397 383 611 413 multitudinem
633 383 769 412 attendat.

806 462 835 498 §.
878 471 923 490 20.

143 540 284 570 Continet
307 541 414 570 humus
445 540 573 569 materies
595 540 721 574 multas,
748 546 820 574 quae
848 547 914 567 cum
938 539 1081 575 oxygenio
1110 538 1272 568 affinitatem
1297 539 1419 569 habent:
1450 546 1519 569 sunt
1540 539 1615 569 enim

103 582 212 621 remota
236 593 296 628 ‚ejus
319 592 460 628 principia
481 591 638 620 secundum
659 591 811 620 Saussurii
831 589 915 627 (45)
944 595 970 618 et
990 590 1173 619 Humboldtii
1199 591 1407 627 experimenta,
1428 591 1618 627 carbonium,

103 643 332 680 hydrogenium‚
354 643 460 679 quibus
480 642 589 672 accedit
611 642 707 676 azoti,
729 641 893 678 phosphori
913 649 946 670 eo
967 642 1055 677 plus,
1078 651 1137 678 quo
1159 643 1260 679 majori
1276 641 1360 678 copia
1384 643 1504 671 humum
1526 642 1616 679 ingre-

105 693 227 723 diuntur
244 694 406 723 animalium
428 694 577 730 putredine
601 694 794 721 resolutorum
821 692 969 728 reliq-uiae.

140 745 286 781 Imprimis
307 745 434 773 materies
453 745 533 773 humi
553 745 724 773 carbonacea
742 743 914 780 oxygenium
936 743 1037 780 arripit
1060 745 1161 782 (46):
1185 745 1358 773 Saasssurtus
1381 744 1454 773 enim
1479 745 1620 773 madidam

100 796 221 824 humum
245 795 300 823 aeri
327 804 472 832 exponens
497 796 670 832 productum
701 793 773 824 vidit
803 795 915 823 acidum
941 795 1143 831 carbonicum‚
1170 803 1198 824 et
1224 796 1448 833 Jngmlzouszius
1477 795 1620 833 ejusmodi

99 846 228 883 pericula
247 846 355 875 faciens
376 847 548 875 diminutum
572 847 645 875 vidit
660 855 711 883 gaz
734 847 928 883 oxygenium3
953 856 1039 882 quare
1060 847 1140 876 humi
1161 848 1362 884 oxydationem
1386 856 1500 875 causam
1518 846 1620 875 fertili-

99 897 282 927 tatishabet.
322 898 468 934 Deinceps
489 898 691 929 Humboldtius
713 906 772 929 non
795 897 1050 928 tantumrhumum
1074 906 1108 926 ex
1135 898 1240 933 horto,
1263 906 1360 926 verum
1384 907 1418 926 ex
1441 896 1509 934 agro
1528 899 1615 934 paulo

99 954 164 980 ante
190 948 293 984 fosso,
320 949 374 977 sub
399 958 535 986 campana
556 958 621 978 cum
649 949 710 978 aere
726 947 966 985 Atmosphaerico
990 948 1019 977 in
1039 955 1204 978 contactum
1231 949 1334 984 duxit,
1361 955 1389 977 et
1412 957 1540 985 magnam
1563 957 1617 985 gaz

99 999 235 1036 oxygenii
254 999 367 1036 copiam
391 1000 472 1036 perdi
497 1000 676 1036 observavit,
705 1008 738 1028 eo
770 1001 923 1037 majorem,
953 1009 1012 1036 quo
1038 1001 1143 1030 humus
1168 1000 1279 1037 nigrior
1302 1006 1380 1035 erat,
1410 1008 1442 1028 ac
1465 999 1616 1029 fortiorem

98 1051 214 1080 odorem
239 1052 401 1088 spargebat.
441 1052 568 1081 Deducit
593 1061 712 1089 quoque
732 1061 765 1081 ex
789 1052 841 1081 hac
873 1052 1006 1088 oxygenii
1032 1052 1219 1088 absorptione
1241 1059 1291 1087 per
1314 1052 1454 1087 humum‚
1481 1060 1547 1080 vere
1567 1051 1620 1080 ob·

97 1110 226 1131 servasse
247 1103 446 1132 Bcdcloessium
469 1104 573 1141 (47),
593 1103 727 1132 meliores
750 1110 952 1132 memorantem
970 1112 1000 1132 se
1021 1104 1185 1139 phthisicos
1207 1104 1327 1139 habere,
1351 1104 1376 1132 si
1393 1104 1501 1132 circum
1516 1092 1616 1145 eorum

97 1153 204 1181 lectum
219 1154 310 1181 multa
332 1161 502 1190 congeratur
519 1154 634 1182 humus.
674 1154 833 1183 Absorberi
851 1156 916 1183 vult
938 1155 1140 1184 Humboldtius
1162 1155 1354 1191 oxygenium,
1377 1164 1437 1191 quo
1460 1154 1538 1184 facto
1563 1161 1621 1192 gaz

94 1210 182 1234 azoto
202 1204 333 1233 ditiorem
361 1205 501 1241 respirant
523 1207 610 1237 aerem
634 1205 794 1242 phthisici,
824 1206 875 1242 qui
896 1207 941 1236 aer
963 1206 1015 1234 hac
1038 1206 1102 1235 tabe
1121 1206 1343 1242 laborantibus,
1359 1205 1512 1243 praecipue
1532 1205 1557 1235 si
1577 1206 1618 1238 sit

95 1253 217 1291 florida,
239 1257 362 1286 multum
387 1258 548 1286 conducere
567 1257 682 1286 videtur
703 1257 796 1296 (48).
1492 1295 1495 1298 Δ

133 1306 338 1342 Experimenta
353 1307 554 1343 Hamboldtii‚
578 1317 643 1336 cum
664 1308 774 1336 deinvin
793 1309 914 1338 dubium
928 1318 1117 1346 vocarentur,
1135 1310 1268 1347 repetivit
1282 1311 1422 1340 Schubler
1437 1311 1542 1348 (49),
1566 1309 1617 1345 qui

95 1353 314 1387 Hdmboldtium
334 1367 399 1387 vere
414 1358 584 1388 observasse
603 1359 802 1396 confirmavit3
827 1362 937 1398 quippe
963 1362 1014 1397 qui
1036 1362 1146 1391 invenit
1166 1362 1240 1391 demi
1259 1363 1485 1399 Atmosphaerae
1507 1368 1614 1398 oxyge1

95 1409 176 1437 nium
197 1408 232 1438 ab
261 1410 371 1445 humo,
398 1418 432 1438 eo
461 1410 561 1446 majori
582 1410 664 1446 copia
690 1419 749 1446 quo
777 1411 884 1440 humus
907 1412 1054 1441 humidior
1075 1413 1125 1441 sit.
1174 1413 1260 1441 Forte
1280 1413 1369 1450 igitur
1389 1412 1533 1441 dissensio
1555 1418 1617 1440 orta

94 1466 159 1495 est,
182 1460 262 1496 quod
284 1460 332 1489 alii
361 1461 482 1489 humum
503 1461 628 1496 siccam,
659 1470 731 1496 quae
759 1463 934 1498 oxygenium
960 1463 1101 1492 intactum
1126 1464 1281 1499 relinquit,
1311 1465 1361 1492 alii
1385 1465 1503 1493 humum
1529 1463 1617 1492 madi-

93 1511 159 1539 dam
182 1511 375 1540 adhibuerint.
417 1512 516 1548 Itaque
532 1521 566 1541 ex
588 1513 635 1541 his
653 1512 853 1548 experimentis
877 1514 1002 1549 affirmo,
1023 1513 1073 1542 ubi
1089 1514 1197 1543 humus
1215 1514 1375 1550 invenitur,
1397 1515 1437 1543 ibi
1453 1516 1541 1544 aetem
1562 1515 1616 1543 At-

94 1561 324 1598 mosphaericum
353 1565 476 1592 multum
505 1563 639 1600 oxygenii
667 1563 812 1600 amittere,
842 1565 926 1603 cujus
957 1565 1039 1594 humi
1066 1565 1122 1595 late
1151 1565 1311 1603 dispersam
1344 1567 1556 1597 multitudinem
1587 1567 1615 1596 si

344 1620 347 1621 ’
1532 1628 1615 1657 spec-

125 1691 191 1720 (⁴3)
205 1692 313 1720 nomon,
329 1694 393 1716 Tom·
408 1694 466 1716 vm.
480 1700 504 1722 p·
520 1699 560 1721 552
573 1697 638 1722 seqq-⁴

121 1732 186 1760 (46)
202 1734 254 1756 Vid.
268 1741 303 1755 sur
314 1735 453 1762 I'Absorptivn
466 1736 490 1756 de
502 1735 603 1764 I'oxygene
614 1743 654 1764 par
666 1738 694 1758 In
707 1742 770 1760 urm·
784 1740 861 1767 simple:
875 1743 915 1761 ete.
932 1742 974 1767 par
987 1736 1112 1766 Humanae,
1128 1738 1193 1761 'roma
1207 1737 1284 1761 xxlx:
1296 1737 1329 1760 des
1340 1738 1394 1760 Arm.
1409 1739 1433 1760 dn
1446 1739 1511 1762 Chim.
1521 1754 1529 1766 ‚
1544 1746 1565 1766 p.
1575 1744 1614 1765 127

93 1778 157 1802 seqq.
172 1775 233 1802 quod
247 1776 359 1803 specimen
373 1775 395 1797 in
411 1776 505 1803 linguam
518 1779 658 1800 vernaculam
678 1780 789 1801 transtulit
809 1779 948 1807 Werkhav=n‚
969 1781 1046 1802 nleuwe
1066 1780 1179 1803 charancho
1196 1786 1222 1801 en
1236 1780 1343 1808 Physisclxe
1362 1779 1494 1808 cesoningen,
1509 1781 1572 1803 Tom.
1584 1781 1615 1803 11.

93 1821 119 1842 p·
132 1815 181 1840 ὅσα.
211 1815 262 1839 Vid.
275 1822 297 1839 et
314 1817 447 1846 lngenhousz,
467 1818 560 1842 Promea
578 1827 624 1842 over
641 1821 674 1841 lm
691 1821 775 1842 Voedsel
790 1821 826 1842 dn
843 1821 948 1849 Flamen,
962 1827 1012 1850 pag.
1026 1823 1054 1848 56
1072 1827 1095 1845 et
1106 1828 1170 1850 seqq.
1199 1823 1299 1846 Vanum
1317 1823 1356 1846 mir
1367 1820 1491 1850 Pflanzm,
1505 1822 1570 1846 Tom.
1583 1821 1613 1845 Π-

93 1862 118 1884 p.
136 1857 183 1879 1⁸8.

124 1897 189 1925 (47)
204 1897 256 1920 Vid.
273 1898 333 1922 Arm.
345 1899 370 1921 de
387 1900 480 1928 Chim«,
494 1902 558 1924 Tom-
571 1902 645 1924 XXIX·
659 1908 708 1930 pag.
727 1907 776 1928 151.

123 1937 190 1965 (48)
204 1938 257 1961 vid.
273 1940 298 1962 A.
315 1941 377 1968 rpey,
393 1942 473 1969 Syrum.
487 1943 568 1966 Handh.
580 1943 616 1965 du
631 1944 769 1972 Sclurkunda,
786 1934 855 1967 Tem.⁴
869 1945 886 1967 Ι.
901 1953 925 1973 p.
941 1944 989 1972 164.

122 1977 189 2007 (49)
203 1979 255 2004 Vid.
272 1981 353 2006 Amul.
365 1981 404 2006 der
419 1982 496 2011 thynk
507 1989 546 2009 ron
562 1983 660 2014 Gilbm,
674 1986 782 2014 Jahtgnug
795 1987 857 2012 1⁸1⁵.
875 1992 910 2011 ιι.
924 1988 986 2012 scuit·
1001 1992 1052 2017 pag.
1067 1986 1109 2016 236
1124 1991 1147 2012 et
1161 1991 1212 2016 ²³7.

851 2027 878 2062 D
