1960 2500
315 178 365 218 28
756 171 794 220 J.
854 179 985 207 vAN
1043 136 1384 205 V'OORsT

319 274 546 324 conspiratio·
599 268 811 318 Intelligitis
831 281 952 305 omnes
966 296 979 314 ‚
1007 279 1183 317 quorsum
1200 267 1289 302 haec
1308 274 1477 315 spectent.
1530 267 1629 313 Quis
1648 281 1719 306 non
1736 278 1833 319 pau-³

317 338 355 375 lo
373 334 578 384 diligentior
597 344 718 367 rerum
744 331 984 367 humanarum
1011 330 1222 366 observator
1245 329 1431 378 singulare
1452 329 1568 375 illud,
1596 332 1694 378 quod
1718 344 1833 381 nuper

318 398 483 434 flammae
505 394 669 432 coelestis
696 393 812 429 instar
840 393 960 441 erupit
985 400 1017 428 et
1041 399 1092 427 tot
1113 399 1235 440 gentes
1251 391 1431 437 accendit,
1455 391 1731 428 sacrasLiteras
1750 394 1830 429 lon-

317 473 362 509 ge
388 460 530 506 lateque
569 454 811 492 distribuendi
846 454 1005 490 studium
1041 453 1153 489 valde
1179 453 1332 488 miratus
1365 453 1445 490 est?
1509 453 1634 500 Unde,
1671 465 1835 502 quaesog

316 521 453 558 factum
471 527 545 565 est,
574 526 615 554 ut
638 530 713 552 rem
729 513 1013 566 optatissimam,
1033 515 1188 564 privatis
1210 514 1389 551 bo‘norum
1410 515 1635 564 quorundam
1650 516 1833 553 hominum

318 582 481 618 consiliis
511 581 547 616 in
575 580 765 616 Britannia
794 586 874 614 ante
897 578 1035 626 aliquot
1053 587 1165 612 annos
1189 585 1413 625 susceptam,
1437 578 1533 613 intra
1554 578 1664 615 breve
1689 586 1833 626 tempus

315 651 368 680 tot
389 643 550 678 nationes
567 642 780 690 Europaeae
797 653 867 676 non
886 639 1199 688 comprobaverint
1219 647 1380 685 tantum,
1411 638 1473 674 sed
1494 640 1655 675 certatim
1673 640 1710 675 iu
1728 641 1834 689 longe

318 705 513 754 spectantis
538 704 715 752 propositi
734 704 939 738 societatem
956 701 1153 738 venerint?
1204 700 1416 749 Principum
1435 701 1503 737 hoc
1523 702 1749 738 antecedente
1769 715 1836 751 ap-

317 766 530 816 probatione
547 774 581 801 et
599 766 812 801 auctoritate
825 764 960 799 factum
978 775 1077 808 esse,
1105 770 1258 800 constat.
1292 762 1424 811 Neque
1443 775 1628 799 sacrorum
1646 765 1752 801 modo
1769 777 1835 800 an·-

318 829 472 874 tistites‚
498 828 663 876 aliosque
689 827 745 862 his
764 826 871 862 facile
891 826 1124 860 assentientes
1141 825 1185 860 de
1198 823 1304 873 plebe
1322 824 1485 861 homines
1509 826 1618 863 ardor
1640 826 1704 861 ille
1729 828 1837 862 inva-

308 891 388 935 sit,
419 890 480 925 sed
504 890 550 924 ad
572 890 781 937 Principum
801 888 1028 935 exemplum,
1057 887 1154 922 cives
1180 887 1598 936 cujuscunque'ordinis
1624 896 1656 923 et
1684 888 1775 933 loci,
1803 897 1838 925 et

317 965 361 987 ex
382 951 624 986 nobilioribus
644 963 810 999 quoque,
839 957 872 986 et
888 963 969 985 cum
988 961 1179 984 munerum
1196 948 1432 996 publicorum
1452 951 1647 998 splendore
1663 959 1697 986 et
1713 950 1837 998 digni-

315 1020 390 1048 tate
421 1011 663 1048 eminentibus
678 1040 691 1058 ,
720 1021 796 1048 tum
821 1011 1035 1060 quaruinvis
1066 1011 1200 1045 artium
1221 1023 1264 1046 ac
1290 1011 1538 1047 doctrinarum
1553 1013 1685 1059 peritia
1706 1013 1837 1048 claris-

317 1074 419 1110 simis
450 1075 544 1111 viris
571 1087 678 1123 quam
706 1073 856 1123 plurimi
875 1073 912 1108 in
930 1085 1005 1108 rem
1025 1072 1197 1120 optimam
1216 1082 1495 1120 consenserunt,
1523 1082 1558 1109 et
1576 1074 1738 1122 undique
1752 1086 1839 1110 con-

316 1145 503 1173 venerunt.
556 1136 604 1173 Et
628 1150 706 1172 ecce
722 1137 796 1184 jam
813 1148 878 1183 per
895 1135 1012 1170 omnia
1031 1134 1173 1180 maria,
1201 1146 1266 1183 per
1291 1134 1430 1172 montes
1452 1144 1487 1172 et
1512 1136 1680 1181 deserta,
1711 1136 1840 1172 valen·

316 1198 459 1234 tissima
486 1197 696 1246 Principum
725 1198 995 1247 Europaeorum
1025 1197 1114 1233 haec
1143 1197 1294 1233 consi-lia
1328 1198 1437 1235 valde
1467 1197 1722 1246 adjuvantium
1748 1209 1841 1247 opej

316 1260 590 1310 multarumque
618 1261 740 1296 eodem
761 1262 843 1309 igne
863 1254 1090 1296 incensarum
1105 1289 1117 1306 ,
1146 1262 1182 1297 in
1202 1262 1281 1309 ipsa
1306 1261 1421 1306 Asia,
1448 1259 1574 1298 Africa
1593 1268 1626 1296 et
1643 1260 1837 1308 America,

317 1324 528 1358 societatum
563 1323 711 1359 mirifice
739 1322 1032 1370 conspirantibus
1060 1324 1193 1360 studiis
1227 1331 1259 1359 et
1289 1322 1497 1368 conatibus,
1528 1323 1734 1359 veneranda
1771 1322 1840 1358 illa

315 1384 534 1431 scriptorum
568 1385 774 1421 divinorum
802 1393 1031 1420 monumenta
1062 1387 1098 1421 in
1138 1399 1275 1422 omnes
1300 1386 1461 1421 omnium
1498 1385 1659 1433 gentium
1691 1384 1844 1433 linguas

319 1453 352 1480 et
370 1446 543 1482 dialectos
562 1460 758 1493 conversa,
788 1456 821 1483 ct
846 1447 950 1497 longe
971 1448 1177 1495 copiosius,
1207 1460 1318 1496 quam
1339 1448 1435 1483 omni
1457 1455 1540 1482 ante
1563 1446 1736 1482 memoria
1763 1446 1840 1481 fao-

318 1515 395 1543 tum
428 1517 507 1554 est,
545 1510 643 1556 typis
678 1522 871 1557 expressa,
906 1510 943 1544 in
981 1510 1244 1561 remotissimas
1283 1522 1401 1558 usque
1439 1509 1602 1557 regiones
1647 1508 1841 1557 perferun-

318 1576 381 1604 tur
400 1583 411 1616 ;
446 1569 613 1606 omnibus
647 1571 796 1606 illorum
835 1571 907 1605 huc
946 1584 1063 1620 usque
1099 1572 1223 1607 insciis
1263 1572 1359 1606 sacri
1399 1570 1457 1606 illi
1491 1570 1656 1606 coelestis
1696 1569 1841 1616 sapien-

317 1631 390 1666 tiae
414 1632 531 1667 sonus
563 1634 795 1680 aperiuntur,
834 1646 1029 1681 eorumque
1062 1634 1225 1681 exempla
1257 1632 1428 1668 omnibus
1456 1645 1496 1667 ea
1524 1629 1838 1675 desiderantibus,

319 1700 352 1726 et
371 1693 593 1741 pauperibus
615 1695 761 1743 quidem
782 1703 814 1730 et
835 1694 994 1742 abjectae
1016 1696 1130 1731 sortis
1145 1694 1355 1731 hominibus
1381 1694 1516 1744 gratiS,
1546 1694 1582 1729 in
1610 1705 1741 1728 manus
1763 1700 1839 1727 tra-

319 1753 476 1800 duiitur3
496 1756 692 1791 immensus
711 1770 833 1793 eorum
852 1769 1025 1792 numerus
1039 1786 1049 1802 ,
1064 1758 1099 1793 in
1113 1758 1275 1806 cognitas
1292 1758 1488 1805 plerasque
1500 1756 1659 1791 omnium
1678 1753 1838 1802 gentium

319 1814 466 1865 linguas
483 1818 712 1864 translatus,
738 1819 863 1855 ubivis
882 1827 1065 1855 terrarum
1083 1821 1157 1867 jam
1183 1817 1404 1855 distributus
1430 1826 1507 1862 est,
1536 1825 1571 1853 et
1599 1817 1705 1865 longe
1722 1815 1838 1863 major

318 1876 405 1912 hinc
436 1888 544 1927 atque
574 1880 697 1926 illinc,
731 1875 876 1917 nostrae
903 1895 1048 1930 quoquc
1080 1881 1327 1917 Bibliothecae
1365 1878 1663 1914 succurrentibus
1701 1877 1840 1925 copiisj

322 1940 490 1975 continuo
527 1951 692 1988 paratur.
732 1946 744 1991 (
765 1944 829 1989 18)
891 1943 1020 1991 Neque
1055 1943 1358 1990 jucundissimum
1389 1941 1456 1976 hoc
1482 1941 1571 1975 mihi
1599 1940 1688 1988 eripi
1728 1939 1837 1976 velim

322 2002 524 2050 somnium,
553 2016 626 2053 quo
644 2017 688 2040 ex
708 2006 800 2041 miro
820 2005 888 2042 hoc
909 2005 1130 2054 populorum
1151 2018 1234 2042 cum
1246 2002 1480 2052 Principibus
1499 2014 1675 2039 consensu
1694 2007 1836 2037 auctam

1755 2072 1836 2098 Sen-
