1960 2500
342 169 859 203 COMMENTATIO
914 166 1383 199 THEOLOGICA.
1601 165 1621 197 5

112 261 202 289 serius
222 259 278 287 hoc
304 265 416 287 carmen
434 258 657 294 composuisse,
686 262 712 284 et
738 255 827 283 literis
848 254 1051 292 consignasse,
1072 261 1157 291 atque
1178 263 1232 291 pro
1253 263 1303 283 sua
1326 254 1466 283 sententia
1490 254 1546 282 hoc
1571 254 1619 282 ad·

111 311 168 340 fert
192 317 409 347 argumentum,
442 310 520 345 quod
541 309 637 337 Lucas
662 307 785 344 primum
809 305 927 341 referat,
957 314 1073 341 omnes,
1102 307 1206 341 rebus,
1229 315 1300 342 quae
1324 313 1487 341 evenerant,
1509 305 1621 340 ubique

111 361 288 398 divulgatis,
311 361 522 397 obstupuisse,
545 367 572 388 et
592 367 664 395 quae
683 360 716 387 de
733 358 887 392 Zacharia,
910 358 971 394 ejus
988 365 1096 392 uxore,
1119 356 1196 392 filio,
1217 364 1244 385 et
1264 358 1298 386 de
1317 357 1409 386 Maria
1425 357 1620 390 audivissent,

107 412 138 441 in
160 411 254 441 animo
278 413 460 448 reposuisse,
483 420 577 440 secum
596 410 825 444 considerantes,
847 417 931 445 quam
952 408 1073 437 eximius
1091 408 1134 436 vir
1153 408 1233 436 hicce
1252 417 1323 444 puer
1343 409 1498 445 aliquando
1520 416 1622 437 evasu-

109 472 160 492 rus
180 471 272 498 esset,
296 464 432 499 quodque
450 463 495 492 his
518 464 630 491 demum
651 461 751 498 hymni
768 461 802 489 ab
825 469 858 489 eo
878 460 981 496 prolati
1001 460 1157 496 subjungat
1179 460 1363 489 mentionem.

146 515 188 544 At
203 523 271 543 vero
290 515 339 542 vix
357 514 507 550 probabile
527 521 586 549 est,
609 514 741 548 Lucam,
764 512 810 540 his
829 512 868 540 ita
884 511 1046 546 narrandis,
1072 511 1209 546 temporis
1224 511 1344 540 rationis
1362 518 1492 541 accurate
1512 520 1622 540 servas-

108 574 157 601 se3
182 566 270 594 immo
294 566 396 601 potius
426 565 559 594 credibile
580 571 638 600 est,
661 573 712 599 ea,
744 572 816 600 quae
841 562 1034 591 commatibus
1057 562 1093 597 65
1117 569 1144 590 et
1171 563 1220 590 66.
1246 563 1450 598 continentur,
1479 563 1625 599 prolepsis

107 618 175 646 loco
199 618 344 652 habenda,
371 624 399 645 et
423 617 585 653 parenthesi
612 616 783 644 includenda
813 623 884 643 esse.
930 614 995 642 Hoc
1021 620 1096 641 certe
1122 619 1268 649 tempore,
1296 615 1389 643 multo
1421 615 1512 650 magis
1538 622 1624 649 quam

107 675 228 704 postea,
257 677 357 697 omnes
383 669 444 705 ejus
470 667 575 704 ingenii
600 667 745 702 animique
776 665 924 694 facultates
953 665 1090 693 animatae
1120 671 1218 699 erant,
1250 671 1277 692 et
1305 665 1423 694 omnino
1447 672 1561 701 paratae
1592 665 1627 693 ad

107 723 218 754 πνεῦμκ
239 721 316 754 ἅγιον
330 726 448 755 pectore
463 719 677 755 recipiendum,
698 717 870 753 divinasque
887 717 983 745 laudes
1004 717 1112 752 hymno
1132 724 1214 744 sacro
1233 715 1428 751 celebrandas3
1451 717 1551 745 soluto
1569 716 1624 752 igi-

108 776 156 799 tur
179 771 294 808 linguae
323 770 461 807 vinculo,
489 770 624 807 protinus
657 777 791 806 tanquam
823 770 969 797 exsultans
995 767 1081 796 animi
1106 775 1187 795 sensa
1212 767 1386 802 expressisse
1415 767 1627 796 existimandus

108 828 154 851 est
173 823 252 859 (*).

147 873 204 901 His
225 873 314 910 igitur
331 873 516 909 praemissis,
539 874 576 903 ad
596 873 775 910 propositam
793 871 990 907 quaestionem
1005 870 1128 907 propius
1145 869 1332 904 accedamus,
1355 869 1439 906 cujus
1454 870 1623 906 requisitam

108 925 356 961 pertractationem
382 925 411 954 in
435 925 508 953 duas
529 925 714 961 dispertimus
731 931 844 963 partes.

146 976 179 1004 In
196 977 292 1011 priore
311 977 442 1014 singulae
462 986 540 1006 voces
557 983 586 1004 et
599 977 741 1014 phrases,
769 975 948 1011 Philologicc
973 979 999 1001 et
1026 973 1136 1001 Crittce
1161 971 1238 1000 nobis
1261 978 1328 1000 sont
1353 972 1563 1010 explicandae,
1586 972 1630 1000 cli-

108 1026 289 1065 ligenterqae
311 1027 440 1056 notanda
462 1033 490 1056 et
512 1027 688 1064 conferenda
709 1027 746 1055 V.
762 1026 794 1055 T.
818 1026 899 1061 loca,
922 1034 957 1054 ex
982 1025 1083 1062 quibus
1108 1024 1160 1052 lux
1183 1022 1283 1051 iisdem
1309 1022 1416 1060 afferri
1432 1025 1534 1061 possit.

146 1078 179 1107 In
204 1079 364 1114 posteriore
390 1087 457 1107 vero
479 1086 575 1115 parte,
605 1080 744 1106 orationis
762 1078 893 1114 formam
918 1083 946 1104 et
974 1076 1094 1104 colorem
1120 1066 1293 1110 illustrare,
1321 1080 1346 1102 et
1366 1076 1398 1102 in
1422 1076 1500 1102 sacri
1525 1074 1629 1102 Pob‘tae

106 1129 249 1164 indolem,
280 1129 462 1165 doctrinam,
484 1131 668 1168 religionem,
699 1135 787 1167 atquc
809 1130 924 1156 intimos
950 1128 1061 1161 animi,
1091 1125 1199 1162 afflatu
1227 1126 1326 1156 divino
1351 1127 1491 1154 concitati
1500 1146 1519 1161 ,Δ
1532 1134 1624 1153 sensas

107 1181 277 1218 inquirere,
299 1180 478 1210 conabimur.

144 1230 178 1261 In
198 1231 408 1269 Programmate
429 1231 477 1261 hic
498 1240 592 1261 lerum
617 1231 827 1261 tractandarum
849 1230 952 1260 diserte
970 1229 1139 1268 postulatus
1166 1233 1209 1257 est
1231 1226 1314 1256 ordo,

135 1369 185 1397 (⁸)
200 1371 266 1392 Nulla
281 1369 362 1392 idonea
374 1370 462 1393 ratione
476 1370 554 1393 nititur
568 1371 646 1399 opinio
662 1372 694 1394 K.
709 1371 734 1393 C.
753 1370 781 1393 L.
798 1370 899 1391 Schmidt?
913 1370 936 1391 in
952 1369 1085 1395 Exegetische
1106 1368 1211 1396 Beytra'ige
1224 1368 1312 1390 I—VI.
1327 1367 1403 1390 ἀνίην
1414 1368 1517 1394 Vernula,
1532 1372 1630 1390 statuen-

106 1411 150 1438 tis,
165 1411 277 1433 historiam
290 1412 334 1434 nati
347 1413 437 1440 joannis
452 1414 534 1439 hymno
554 1413 625 1434 fuisse
647 1412 786 1439 involutam,
803 1418 870 1438 quem
882 1419 893 1433 a
908 1411 1019 1438 discipulo
1034 1412 1101 1439 jesu,
1117 1411 1191 1432 forsan
1210 1415 1222 1430 a
1233 1409 1324 1436 Joannis
1338 1415 1449 1431 sectatore
1463 1409 1625 1437 compositum,

106 1454 177 1474 Lucus
190 1453 268 1480 partim
282 1453 418 1474 verbotenus
430 1459 442 1474 a
454 1459 562 1475 commate
575 1453 603 1475 68
617 1460 686 1481 usque
701 1455 729 1476 ad
741 1460 768 1481 79
777 1470 784 1481 ‚
803 1453 881 1480 panim
894 1453 996 1475 oratione
1011 1454 1098 1480 soluta,
1112 1457 1315 1474 commemorasset.
1347 1450 1398 1475 vid.
1412 1451 1465 1480 Joh.
1478 1451 1546 1478 συνεί,
1560 1450 1625 1473 Eich-

105 1494 156 1515 bm·
169 1495 250 1522 allgm.
266 1495 363 1516 Bibltorh.
378 1494 414 1516 der
429 1494 544 1516 Bibliachen
559 1494 679 1518 Lmeratur
699 1496 736 1518 lv.
755 1496 817 1518 Baud
830 1502 854 1522 p.
870 1500 912 1517 122
926 1500 990 1522 seqq.

801 1761 939 1785 ΙΙ
