1940 2474
511 144 1445 196 COMMEN'TVA'rlofsunlnicA‘:
1683 157 1735 205 2³2

218 253 279 300 est.
306 244 385 277 Non
406 246 473 283 pius
497 246 571 275 enim
600 253 683 281 quam
705 246 790 275 semel
813 244 942 276 conditio
965 246 1151 282 usucapiendi
1169 248 1205 285 gin
1235 249 1322 279 alium
1344 247 1490 278 transferri
1509 252 1615 285 potest.
1656 247 1729 278 Hoc,

222 278 287 328 loco
311 298 367 327 iste
387 306 446 327 non
468 297 613 327 Dominus
631 298 760 326 vendens
788 297 901 325 tradens
921 304 978 325 rem
1002 297 1094 333 piiori
1116 298 1250 335 Emori,
1272 299 1302 329 in
1323 307 1387 328 eum
1405 307 1461 328 una
1475 308 1549 329 cum
1557 300 1731 330 venditione.

221 349 409 385 usucapiendi
429 349 623 378 conditionem
649 347 806 383 transtulit.
851 347 913 384 Jam
932 347 1003 377 illud
1022 349 1090 385 J'us,
1120 351 1200 385 quod
1223 350 1345 387 amplius
1367 358 1425 379 non
1447 349 1551 385 habet,
1573 350 1603 380 in
1621 359 1725 380 secun-

217 401 286 429 dum
308 401 454 429 Emtorem
473 399 625 428 transferre
645 407 704 428 non
720 405 835 435 potest3
859 399 975 435 itaque,
996 399 1144 429 deficiente
1159 401 1211 430 hae
1235 401 1400 430 conditione
1422 401 1629 438 usucapiendi‚
1658 402 1724 432 defi-

219 453 262 481 cit
282 453 364 482 etiam
385 452 569 487 Publiciana,
590 458 617 480 et
637 451 684 481 hic
710 451 855 479 secundus
876 451 1000 486 Emtor‚
1029 460 1044 480 a
1061 452 1157 487 priore
1178 453 1298 482 Emtore
1318 459 1479 482 conventus
1489 462 1503 488 ‚⁷
1521 453 1680 482 necessario
1699 454 1725 482 ei

220 504 319 532 cedere
342 503 442 538 debet,
470 503 579 539 quippe
610 502 749 531 deteriore
779 503 841 538 jure
864 502 1029 538 possidens.
1074 503 1128 531 Sed
1151 511 1314 540 ponamus,
1342 513 1397 533 nos
1425 514 1441 533 a
1470 504 1584 534 duobus
1606 504 1726 534 diversis

217 562 279 584 non
298 555 434 583 Dominis
450 556 576 583 eamdem
599 563 654 583 rem
674 553 776 582 emisse
796 560 824 583 et
848 554 1011 590 accepisse,
1038 554 1156 589 quinam
1178 561 1248 596 tunc
1272 556 1370 592 potior
1396 556 1459 593 J'ure
1483 556 1559 584 erit?
1596 555 1729 592 Respon-

219 607 268 635 det
289 606 453 643 Jult'amss,
476 613 544 635 tunc
566 614 678 635 causam
705 605 880 641 possidentis
909 604 1053 634 meliorem
1076 614 1138 634 esse
1169 615 1252 642 quam
1283 607 1423 643 petentIS:
1451 616 1527 636 nunc
1560 608 1634 637 enim
1658 608 1729 638 ratit)

217 667 308 695 supra
330 659 448 695 allegata
466 659 563 686 locum
585 666 643 686 non
667 657 769 692 habet,
801 657 908 693 quippe
938 656 984 684 hic
1009 657 1068 685 duo
1091 657 1197 685 adsunt
1219 664 1330 687 actores
1351 659 1476 694 diversi,
1503 668 1627 696 quorum
1652 660 1732 695 quis-

220 718 278 745 que
302 709 333 738 in
360 718 445 738 suum
468 710 616 738 Emtorem
642 708 828 744 usucapiencli
851 708 1044 737 conditionem
1069 707 1222 736 transferre
1244 715 1353 744 potest.
1402 710 1459 737 Hic
1483 719 1541 738 non
1565 711 1733 746 quaeritur,

217 760 334 788 cuinam
363 760 452 796 priori
473 769 516 789 res
540 761 578 788 sit
601 760 736 795 tradita,-
751 761 800 788 sed
831 759 896 794 quis
924 759 963 787 sit
984 766 1146 795 possessor.
1180 759 1269 788 'Nam
1295 759 1338 795 is,
1367 760 1416 788 cui
1447 760 1537 796 priori
1561 769 1606 789 res
1630 762 1737 792 tradita

218 816 282 845 est,
312 811 342 839 in
364 820 397 840 eo
416 811 541 847 aequalis
557 817 601 838 est
625 811 774 845 secundo,
804 809 1023 847 quodum-ique
1042 811 1203 848 acceperint
1226 820 1283 841 rem
1305 821 1320 840 a
1342 820 1400 840 non
1424 811 1576 847 Dominis,
1606 820 1734 848 quorum

217 861 347 897 quisque
367 864 397 891 in
419 864 566 892 Emtorem
589 872 674 892 suum
695 863 881 900 usucapiendi
899 863 1093 892 conditionem
1116 863 1283 899 transtulit3
1313 862 1344 893 in
1366 871 1399 892 eo
1421 863 1509 900 igitur
1532 864 1644 899 aequali
1667 864 1734 899 jure

219 918 351 941 utuntur.
393 914 448 942 Sed
461 921 570 950 praeter
582 915 674 949 illud,
698 915 841 943 secundus
859 914 962 943 Emtor
975 921 1017 942 est
1028 921 1189 952 possessor,
1211 921 1239 942 et
1260 914 1290 943 in
1310 922 1343 942 eo
1364 914 1463 950 potior
1485 920 1530 942 est
1544 914 1624 950 jure,
1647 921 1735 948 quam

219 965 353 1001 primus,
380 965 478 1001 itaque
500 966 524 994 ei
542 967 633 995 danda
653 966 829 995 Publiciana.
879 966 945 1000 Huc
972 965 1045 994 redit
1069 965 1209 994 sententia
1238 965 1382 1002 Jaltam’,
1409 973 1494 1000 quam
1519 965 1660 1001 approbat
1681 964 1735 993 Ul-

205 1017 345 1053 rpianus,
374 1016 491 1053 dicens,
519 1027 594 1056 qaae
615 1019 757 1046 sententia
777 1027 848 1047 vera
870 1023 922 1046 est.
969 1018 1007 1046 Ei
1038 1024 1131 1047 autem
1160 1024 1241 1046 totus
1271 1017 1434 1049 contrarius,
1462 1023 1505 1044 est
1535 1016 1682 1044 Neratius
1702 1016 1734 1045 in

218 1066 258 1097 L.
281 1077 328 1104 31.
350 1069 378 1105 §.
401 1069 456 1097 ult.
474 1068 512 1105 ff.
534 1069 568 1098 de
587 1076 647 1098 act.
671 1069 753 1097 Emt.
776 1068 877 1106 Vand.⁴
891 1069 970 1098 hisce
987 1069 1094 1098 verbis.
1138 1089 1156 1106 ‚‚
1177 1069 1308 1105 Uterque
1323 1075 1462 1107 nostrum
1489 1075 1546 1098 rem
1555 1066 1735 1110 remitanon

220 1138 249 1155 „
260 1119 407 1156 Domino,
433 1129 500 1150 cum
522 1121 621 1150 Emtio
647 1120 842 1157 Venditioque
864 1120 926 1149 sine
949 1120 1018 1149 dolo
1037 1121 1118 1153 malo
1141 1120 1219 1149 fieret
1233 1141 1245 1156 ,
1274 1120 1434 1160 traditaque
1455 1125 1515 1154 est,
1544 1117 1618 1147 sive
1628 1116 1663 1146 ab
1684 1117 1734 1144 eo-

219 1189 240 1205 „
261 1172 323 1201 dem
331 1173 478 1210 emimus,
499 1174 560 1203 sive
581 1174 615 1203 ab
638 1174 696 1202 alio
710 1179 809 1211 atque
823 1173 901 1208 alio,
917 1172 948 1210 Ais
973 1181 1006 1205 ex
1029 1173 1116 1203 nobis
1133 1173 1259 1211 tuendus
1282 1178 1347 1207 est,
1369 1171 1423 1207 qui
1440 1170 1535 1218 prior
1541 1170 1589 1207 jus
1611 1169 1673 1206 ejus
1683 1176 1736 1204 ap·

219 1241 240 1257 2„
259 1224 428 1261 prehendit,
468 1225 524 1254 hoc
545 1233 608 1262 est,
629 1225 688 1254 cui
701 1225 823 1262 primum
852 1224 954 1262 tradita
978 1231 1031 1254 est.
1041 1224 1059 1236 '’
1103 1224 1191 1253 Vides
1217 1223 1247 1252 in
1266 1232 1301 1252 eo
1320 1224 1408 1252 hosce
1425 1223 1518 1260 JCtos
1541 1220 1734 1255 convenisse,

216 1274 300 1307 quod
319 1275 414 1304 dicant
436 1276 643 1308 Publicianam
653 1284 815 1314 competere
839 1277 881 1313 ei,
902 1276 950 1305 cui
970 1276 1060 1313 priori
1084 1285 1129 1305 res
1151 1276 1252 1304 tradita
1276 1275 1332 1310 sit,
1354 1275 1379 1302 si
1402 1283 1418 1303 a
1441 1282 1501 1303 non
1522 1264 1649 1302 Domino
1674 1272 1734 1300 duo

216 1325 354 1369 eme-rin&
384 1328 414 1357 in
437 1336 471 1357 eo
493 1337 590 1357 verum
612 1338 661 1358 eos
686 1329 876 1364 dissensisse,
899 1329 980 1364 quod
1004 1328 1170 1364 Neratius,
1191 1328 1270 1356 nulla
1288 1326 1383 1367 habita
1406 1325 1516 1354 ratione
1530 1321 1732 1360 possidentis,

215 1375 351 1412 affirmet,
374 1386 486 1414 semper
502 1380 697 1415 Publicianam
718 1382 927 1415 concedendam
951 1389 1014 1403 osso
1038 1380 1083 1410 ei,
1104 1379 1151 1402 cui
1168 1378 1266 1415 >priori
1288 1386 1332 1404 res
1356 1376 1457 1416 tradita
1480 1375 1536 1409 sie,
1557 1373 1668 1402 etiamsi
1690 1381 1735 1416 se-

215 1425 331 1453 cundus
352 1432 408 1451 rem
429 1423 593 1458 possideat,
614 1425 762 1459 Julianus
784 1431 876 1452 autem
897 1425 1070 1459 contendat,
1092 1433 1219 1460 eo-casu,
1237 1426 1434 1466 possidentem
1450 1425 1577 1460 melioris
1590 1421 1734 1467 ¹conditio-

202 1474 264 1503 *nis
286 1482 358 1503 esse.
398 1473 507 1502 Mirum
526 1474 555 1503 in
574 1475 692 1503 modum
720 1474 808 1503 hosce
832 1475 926 1512 Jctos
950 1475 1244 1513 multi-interpretum
1260 1464 1538 1517 *conciliare‘conati
1563 1481 1649 1510 sunt,
1679 1468 1734 1509 qui

216 1525 313 1554 locum
335 1525 475 1561 Neratii,
506 1534 565 1561 quo
592 1526 726 1555 dissentit
750 1535 816 1555 cum
837 1526 988 1563 Juliano²⁷
1011 1527 1048 1556 ita
1074 1528 1258 1564 intelligunt,
1290 1529 1372 1564 quasi
1388 1529 1439 1558 .ib'1
1458 1523 1559 1566 agatur
1578 1528 1613 1557 de
1631 1526 1733 1556 Publi·

216 1578 300 1607 ciana
319 1586 379 1606 non
400 1578 578 1607 concedenda
599 1578 736 1607 adversus
760 1587 790 1606 se
813 1578 957 1614 invicem,
978 1579 1012 1607 de
1035 1588 1092 1615 qua
1111 1579 1241 1616 loquitur
1263 1579 1426 1615 Julianus,
1448 1580 1499 1609 sed
1520 1580 1655 1608 adversus
1675 1585 1731 1607 ter-

217 1629 290 1658 tium
311 1637 507 1666 possessorem
530 1630 591 1666 (27
601 1631 628 1666 ).
669 1630 724 1658 Sed
744 1630 814 1659 adeo
837 1629 983 1666 implicata
1003 1631 1072 1660 mihi
1092 1632 1204 1661 videtur
1228 1631 1296 1660 haec
1315 1632 1486 1666 distinctio,
1508 1639 1539 1659 ut
1560 1631 1660 1667 potius
1682 1637 1733 1658 eo-

218 1688 281 1708 rum
302 1681 422 1717 vestigia
444 1689 587 1717 premam,
619 1681 669 1717 qui
693 1682 740 1710 hic
764 1682 925 1710 dissensum
947 1682 1019 1711 inter
1041 1684 1114 1711 duos
1131 1683 1224 1719 JCtos
1247 1690 1410 1719 agnoscunt
1430 1683 1491 1719 (αδ
1502 1684 1530 1720 ).
1575 1682 1637 1710 Nec
1656 1677 1730 1708 mihi

217 1731 297 1760 deest
327 1732 418 1768 ratio,
448 1741 500 1761 cur
529 1733 566 1761 ita
595 1732 706 1769 potius.
755 1733 902 1763 Neratius
927 1734 1002 1764 enim
1032 1733 1236 1772 Julianasque
1265 1743 1325 1764 non
1352 1735 1478 1772 ejusdem
1508 1734 1586 1759 erant
1615 1735 1726 1765 secta&

1642 1789 1729 1817 quip-

242 1872 318 1903 (27)
331 1873 406 1895 Dictas
419 1873 488 1898 Leges
502 1873 532 1895 itu
550 1873 700 1897 conciiiandns
718 1881 766 1897 esse
781 1881 857 1904 purant
874 1878 986 1903 sclwlxtnt.
1011 1877 1036 1900 T.
1052 1877 1078 1900 C.
1099 1878 1128 1899 D·
1144 1881 1177 1903 19.
1199 1876 1219 1904 §.
1234 1881 1268 1898 ιο.
1303 1875 1374 1896 Hulm
1393 1875 1415 1895 in
1432 1871 1504 1894 Praei.
1516 1870 1543 1891 ad
1563 1871 1588 1891 Τ.
1603 1869 1622 1890 1.
1643 1868 1667 1889 du
1679 1869 1727 1891 Aee.

221 1916 241 1943 ς.
258 1919 278 1939 7,
296 1915 357 1935 etad
377 1915 397 1936 Ιι.
411 1916 436 1935 Τ.
454 1915 479 1942 ff
503 1916 523 1942 5.
538 1921 560 1939 3.
598 1917 684 1937 Viumius
699 1918 725 1938 ad
744 1919 763 1945 §.
776 1924 797 1942 4.
822 1919 842 1939 1.
859 1919 882 1939 de
895 1921 945 1940 Act.
969 1925 990 1940 n.
1008 1918 1029 1940 8.

247 1955 313 1982 (28)
335 1956 364 1976 lla
380 1956 444 1976 clude
457 1957 517 1982 Amf’.
537 1957 587 1979 Erl.
600 1958 636 1978 dtr
653 1959 719 1979 pand.
736 1960 756 1980 Ιι.
774 1960 797 1980 T.
821 1960 841 1986 S.
853 1962 902 1986 598.
928 1967 950 1986 p,
965 1959 1006 1984 362
1027 1965 1050 1981 et
1063 1966 1110 1986 seq.
1153 1959 1235 1980 Pamin
1255 1959 1277 1978 ae'u
1295 1958 1346 1978 notis
1359 1956 1386 1977 ad
1402 1955 1423 1976 d.
1445 1955 1472 1975 L.
1485 1958 1520 1979 31.
1540 1953 1562 1973 ίιι
1582 1951 1644 1972 Pana.
1663 1950 1724 1978 Jun-

217 1999 240 2019 1.
257 1997 282 2020 r.
303 2004 326 2021 n.
338 2003 375 2024 2³.
405 1999 475 2021 mode
487 2001 514 2021 aa
532 2000 553 2024 1..
563 2002 587 2023 Τ.
607 2001 635 2028 ff·
671 2001 741 2028 cmc.
757 2002 805 2024 σω.
821 2003 923 2030 xxvm,
939 2008 972 2028 31.
1002 2002 1147 2027 ammanus
1165 2001 1193 2023 aa
1206 2000 1291 2026 Caussa
1307 1999 1351 2026 Jas
1370 1996 1435 2020 crya·
1454 1997 1475 2018 ιι.
1489 1995 1513 2017 T.
1534 1994 1578 2022 Qu.
1594 1998 1616 2017 2·
