1940 2474
298 178 342 216 44
523 178 560 207 Π,
626 177 662 207 C.
730 180 1011 206 VAN'DER
1077 173 1252 203 BOON
1317 172 1560 210 MESCH,

304 263 343 291 ita
360 262 485 290 instruat
498 261 615 297 quaevis
632 268 683 289 sua
697 259 860 295 individua,
882 266 931 294 ut,
950 260 1018 288 dum
1037 259 1103 287 haec
1118 258 1301 287 solummodo
1318 260 1380 286 ‘sua
1405 259 1554 287 commoda
1566 266 1701 294 curant,
1721 259 1803 289 facil-¹
1825 292 1829 300 A

304 313 372 342 limo
397 313 483 340 modo
506 318 533 339 et
554 311 733 348 gratissimo,
757 320 789 340 ac
813 311 867 340 sibi
896 311 1023 346 vivunt,
1052 311 1139 339 simul
1164 316 1284 338 caeterae
1310 310 1640 339 naturae'oeconomiae
1668 310 1804 339 maximas

303 363 418 395 afferant
447 362 613 397 utilitates,
631 370 750 397 eamque
770 367 946 397 sustentent,
976 368 1155 390 conservent.
1195 360 1369 398 Quodsi.ita
1395 360 1546 397 procedere
1567 360 1705 389 Naturam
1731 361 1804 389 arbi·

305 420 430 448 tramur,
453 412 562 449 optime
576 412 778 449 intelligimus,
801 419 939 448 quantum
955 402 1125 449 oxygeiiium
1143 422 1158 441 a
1171 413 1276 449 plantis
1296 413 1457 448 exhaletur3
1487 421 1571 448 nam,
1594 414 1661 441 dum
1683 414 1802 449 quaevis

304 464 430 494 Naturae
452 464 616 500 individua,
639 471 724 500 atque
744 464 832 501 igitur
852 465 944 493 omnis
968 466 1085 501 planta,
1114 473 1252 500 quantum
1275 470 1370 500 potest
1394 464 1449 492 sibi
1470 464 1630 501 prospicit,
1651 464 1805 493 utilissima

302 524 432 551 quaeque
452 515 482 544 in
506 523 590 544 usum
614 522 801 550 convertens,
831 515 933 544 nociva
962 516 1110 551 exhalans,
1139 525 1172 544 ex
1193 525 1268 552 aqua
1293 523 1320 544 et
1347 515 1427 544 acido
1450 516 1605 544 carbonico
1628 515 1807 552 hydrogenio

300 573 328 595 et
348 567 485 596 cai-honio
505 574 653 603 assumto,
683 574 715 596 ut
741 576 808 596 suae
838 567 1020 597 oeconomiae
1040 567 1256 596 incommodum
1281 567 1453 604 oxygenium
1475 567 1587 595 exhalet
1608 567 1705 602 planta
1728 566 1808 595 omni·

302 626 356 654 ope
376 619 484 646 nitatur
507 628 622 648 necesse
644 626 698 648 est.
739 619 944 655 Amplissimus
964 628 1037 650 certe
1058 628 1150 657 neque
1175 630 1309 657 umquam
1332 621 1489 649 exhaustus
1513 619 1601 654 fons,
1623 628 1658 647 cx
1679 627 1738 654 quo
1761 619 1810 646 dea

298 670 442 706 perditum
467 679 518 706 gaz
537 670 710 707 oxygenium
727 671 812 707 largis
833 671 934 700 rivulis
957 673 1180 709 Atmosphaerae
1197 672 1330 701 traditur!
1362 671 1528 708 Injiciamus
1549 670 1655 698 oculos
1667 670 1696 698 in
1711 676 1812 698 vastas-

299 720 431 756 arbores,
452 721 581 757 ingentes
603 721 711 756 filices,
734 722 784 757 qui
805 722 835 750 in
858 723 1043 752 calidioribus
1071 724 1239 758 Americae,
1263 723 1395 758 Africae,
1422 723 1512 752 Asiae
1536 723 1702 759 regionibus
1733 731 1808 751 cres-

298 777 387 806 cunt,
411 777 438 799 et
455 773 545 800 multa
561 774 622 800 luce
635 773 859 807 collustrantur,
880 772 910 801 in
924 773 1106 802 Daci-cidium
1128 774 1347 811 cupressinum,
1369 775 1519 803 Calauium
1541 764 1812 811 rudentunvoed

300 822 434 857 roxylum
452 823 629 858 andicolam,
659 823 854 859 Eucalyptum
870 824 1015 853 robustam
1027 847 1037 861 .,
1060 834 1132 861 quae
1146 826 1325 855 altitudinem
1341 836 1414 861 200,
1438 835 1510 862 300,
1532 834 1590 861 500
1604 825 1707 861 pedum
1723 825 1807 860 (7),

301 872 464 908 attingunt,
486 874 633 909 multaque
654 873 755 902 fronde
775 882 930 910 omantur‚
949 876 980 904 in
997 885 1116 912 quarum
1138 877 1248 905 ratione
1261 884 1289 905 et
1309 883 1459 906 assumunt
1476 883 1504 905 et
1525 882 1692 905 excernunt.
1732 875 1812 903 Ante

301 923 403 951 oculos
430 932 572 959 ponamus
603 924 766 952 hodiernam
795 932 909 955 nostrae
939 927 1050 956 telluris
1079 927 1200 963 faciem,
1226 934 1271 956 tot
1301 928 1432 963 sylvosas
1456 928 1585 964 regiones
1602 948 1612 961 ‚
1641 928 1750 961 lucus,
1780 926 1810 954 in

299 974 447 1010 America,
469 975 540 1004 Asia
560 974 742 1011 frequentes,
764 977 862 1012 ripas,
882 976 997 1013 fossas,
1018 979 1156 1014 paludes,
1186 978 1314 1014 undique
1335 978 1482 1006 innumera
1506 979 1680 1014 jrmeorum,
1710 977 1813 1013 grami-

303 1033 390 1061 num,
421 1026 588 1061 quarumvis
612 1027 773 1062 plantarum
798 1028 983 1058 multitudine
1005 1029 1113 1058 cinctas
1129 1051 1140 1065 ,
1160 1029 1358 1066 Nymphaeis,
1384 1029 1592 1064 Confer-vulis,
1619 1028 1720 1065 Byssis
1746 1029 1813 1066 (8)

302 1077 439 1112 repletas:
462 1077 623 1114 cogitemus
643 1079 677 1107 de
701 1079 788 1107 tantis
816 1080 958 1108 montium
985 1081 1091 1109 catenis
1120 1081 1269 1109 herbarum
1293 1081 1440 1109 lichenum>
1469 1081 1620 1116 praecipue
1647 1087 1814 1108 muscorum

308 1127 430 1156 cohorte
446 1129 530 1163 quasi
547 1129 686 1158 obsessis.
728 1130 849 1165 Neque,
871 1130 938 1159 licet
959 1131 1052 1161 vivam
1073 1132 1301 1169 imaginationem
1327 1133 1357 1161 in
1382 1132 1519 1161 auxilium
1540 1139 1698 1165 vocemus,
1720 1130 1814 1166 qualis

305 1178 346 1207 sit
366 1180 506 1215 vegetatio
524 1180 553 1208 in
570 1180 756 1210 calidioribus
774 1181 901 1211 Telluris
921 1183 1072 1219 partibus,
1093 1184 1123 1212 in
1140 1183 1228 1218 Asia,
1257 1183 1375 1218 Africa,
1404 1182 1570 1219 praeprimis
1603 1182 1632 1210 in
1662 1181 1813 1216 AmerIca,

307 1230 459 1266 concipere
482 1239 658 1268 possumus3
679 1241 746 1260 cum
767 1241 913 1262 versemur
925 1235 954 1263 in
973 1236 1107 1272 regione,
1129 1235 1178 1263 ubi
1202 1241 1390 1271 temperatura
1411 1234 1536 1268 leviore,
1558 1241 1657 1270 parum
1675 1239 1810 1261 constan-

311 1286 358 1315 te,
379 1280 545 1318 frigidiore,
568 1282 747 1318 humidiore,
769 1285 929 1320 plantarum
957 1286 1083 1315 luxuries
1105 1293 1234 1322 arcetur,
1256 1286 1356 1321 hyeme
1377 1285 1500 1313 saeviori
1520 1290 1549 1312 et
1565 1284 1689 1320 longiori
1711 1283 1815 1319 partim

309 1329 342 1359 in
363 1331 626 1367 profundissimum
653 1342 785 1363 somnum
813 1335 864 1363 diu
886 1335 1019 1364 incidunt
1041 1337 1230 1373 vegetabilia‚
1251 1335 1352 1372 partim
1383 1341 1543 1370 vexantur,
1572 1340 1598 1362 et
1626 1341 1757 1370 pereunt.
1780 1347 1816 1359 -ι-

309 1380 420 1410 Contra
444 1383 473 1412 in
495 1383 627 1412 America
656 1385 831 1415 meridionali
857 1387 1016 1422 praesertim
1046 1389 1124 1424 viget
1156 1388 1268 1416 coelum
1293 1386 1518 1419 calidissimum,
1549 1385 1636 1414 simul
1667 1385 1742 1413 satis·
1758 1385 1814 1413 hu-

313 1432 440 1468 midum,
462 1442 593 1462 serenum
619 1441 646 1462 et
668 1442 824 1473 constans3
847 1437 956 1473 spirant
977 1438 1054 1466 venti
1073 1438 1183 1473 optati,
1212 1437 1381 1465 humiditate
1408 1436 1585 1464 fertilissima
1606 1435 1724 1464 nimium
1745 1437 1818 1465 solis

308 1484 435 1512 ardorem
460 1491 488 1512 et
519 1485 676 1514 siccitatem
704 1487 864 1522 pellentes„
889 1487 997 1522 quibus
1025 1488 1118 1516 uritur
1143 1494 1170 1516 et
1198 1488 1319 1516 laeditur
1347 1487 1482 1515 Africana
1506 1487 1665 1523 vegetati03
1694 1487 1751 1515 late
1775 1492 1821 1516 est

310 1533 438 1568 dispersa
464 1534 603 1564 uberrima
634 1536 766 1572 humus,
795 1546 852 1573 qua
875 1547 976 1575 magna
999 1537 1115 1567 Africae
1138 1547 1202 1574 pars
1231 1545 1325 1574 caret,
1354 1547 1498 1574 quamque
1527 1547 1592 1567 cum
1623 1538 1712 1566 sterili
1737 1547 1819 1568 arena

311 1591 488 1619 commutat,
509 1592 537 1613 et
559 1586 654 1615 fluunt
674 1596 689 1615 a
713 1594 756 1616 tot
777 1595 804 1616 et
827 1589 914 1617 tantis
935 1589 1081 1617 Montium
1099 1589 1177 1626 jugis
1194 1589 1370 1625 amplissima
1393 1589 1531 1625 flumine,
1552 1598 1623 1625 quae
1643 1595 1669 1618 et
1693 1589 1721 1618 in
1738 1589 1823 1618 Afri·

312 1642 344 1662 ca
366 1635 576 1672 desiderantum
608 1646 680 1672 quae
703 1646 754 1674 per
779 1647 890 1666 omnem
915 1639 971 1667 fere
995 1640 1154 1668 Amerinam
1179 1641 1291 1675 fluunt,
1318 1641 1440 1677 plurima
1467 1648 1597 1675 quaeque
1627 1640 1819 1676 largissimam

313 1691 403 1720 aquae
425 1685 537 1721 copiam
561 1687 715 1724 exhalant,
743 1697 758 1717 a
779 1689 884 1725 plantIs
908 1690 1070 1720 avidissime
1099 1691 1328 1721 absorbendam:
1359 1692 1406 1720 hic
1438 1691 1480 1720 ini
1510 1690 1600 1719 filices
1632 1698 1764 1720 crescunt
1792 1699 1820 1720 ct

1757 1749 1818 1778 ΕΜ·

344 1817 395 1845 (7)
410 1817 541 1840 mumma
552 1834 560 1847 ,
574 1825 623 1848 pag.
639 1827 680 1848 437
695 1826 718 1843 et
732 1823 783 1850 438.

341 1857 355 1883 ί
362 1859 391 1885 8)
407 1860 457 1882 Vid.
474 1861 583 1889 senemr,
604 1863 668 1884 Mem.
689 1862 875 1890 Phyxlco—Ch1·.‚
895 1864 958 1887 Tem.
972 1865 1000 1887 ΙΙ.
1020 1872 1042 1892 p.
1056 1871 1083 1891 gn
1103 1874 1131 1884 -n
1150 1872 1185 1892 ⁴⁵·
1213 1868 1349 1896 Ingaunum,
1369 1867 1424 1888 Ven.
1444 1871 1482 1888 nm
1503 1865 1614 1893 Pfianz‘u,
1629 1867 1693 1887 Tom.
1708 1865 1726 1887 Ῑ.
1741 1871 1763 1893 p.
1779 1870 1818 1887 101

315 1904 379 1927 και-ι.
414 1901 502 1923 lmerim
516 1902 604 1930 filices,
618 1903 703 1929 musci,
718 1904 780 1930 fungi
795 1910 860 1932 saepe
876 1911 915 1930 gaz
931 1906 1089 1932 hydrogenium
1105 1908 1214 1932 exhalant.
1241 1909 1290 1931 vid.
1310 1910 1415 1930 Menona.
1435 1908 1541 1936 Jahrb-dx
1554 1915 1590 1929 vm
1605 1908 1707 1933 ΗιιυνΙι,
1722 1906 1785 1928 Tom.
1800 1906 1818 1928 1.

315 1946 338 1967 P·
353 1942 401 1964 Νι
425 1943 486 1970 quod
506 1949 547 1970 guz
563 1944 602 1967 has
620 1946 704 1974 plantas
720 1951 788 1974 saepe
807 1946 910 1968 exhalare
928 1946 971 1973 inm
988 1949 1071 1969 δια-ον
1083 1954 1106 1971 et
1118 1949 1229 1972 ltu-boue
1241 1951 1394 1974 observarunt.
1422 1950 1531 1977 Scaeam,
1546 1949 1607 1976 Ηψ.
1619 1948 1668 1976 Vq.
1677 1961 1686 1976 ‚
1701 1948 1768 1970 tom.
1777 1945 1821 1971 nl.

314 1986 338 2009 1*-
354 1985 406 2009 ¹78·
