1960 2500
305 182 355 213 20
663 167 780 203 'J.
841 173 970 203 *AN
1030 163 1370 203 VOORST

309 272 400 323 quid
415 270 528 318 hujus
550 267 595 303 sit
613 265 738 311 officii,
769 277 806 301 se
825 263 975 310 debere,
1004 271 1038 300 et
1062 263 1273 302 immensam
1298 274 1402 315 atque
1424 267 1690 306 interminatam
1711 268 1822 306 bene-i

305 336 466 373 ficiorum
484 331 602 379 ipsius
618 330 904 378 magnitudinem
922 329 989 365 hoc
1017 340 1038 363 a
1060 339 1098 362 se
1120 326 1285 376 flagitare
1304 328 1563 376 testificantur,
1591 331 1711 380 iisque
1732 332 1822 370 adeo

305 409 346 434 se
364 397 401 431 in
421 401 638 443 perpetuum
657 392 769 427 teneri
787 390 929 440 legibus
957 399 1179 439 agnoscunt,
1206 405 1300 441 quae
1322 405 1430 429 suum
1450 394 1644 443 unicuique
1665 395 1824 432 tribuere

307 467 341 497 ct
360 457 505 494 caritate
524 467 647 490 omnes
670 454 856 502 complecti
876 453 1051 502 jubeant,
1079 462 1112 490 et
1129 454 1329 490 animorum
1352 455 1581 491 concordiam
1602 448 1830 493 studiorum-4

308 531 380 569 que
405 529 618 553 consensum
650 529 731 552 cum
762 517 916 552 maxime
942 517 1147 561 inculcent,
1174 531 1239 555 nec
1267 520 1383 556 solum
1409 519 1455 555 ad
1477 520 1640 568 privatas
1660 521 1830 569 singulo-2

305 590 387 621 rum
409 582 594 633 hominum
615 581 773 617 rationes
800 588 832 616 et
858 581 1003 630 privata
1027 581 1213 617 commoda
1244 590 1426 630 spectent,
1455 583 1517 618 sed
1544 581 1704 630 publicis
1720 581 1826 632 'quo-

306 657 379 695 que
395 652 427 680 et
446 642 697 681 communibus
717 641 849 689 rebus,
878 655 951 692 qua
970 656 1038 692 par
1059 652 1112 680 est
1128 644 1315 694 diligentia
1342 652 1376 680 et
1396 645 1716 693 circumspectione
1730 673 1742 690 ,
1769 646 1832 686 inq»

307 707 489 743 serviendi
513 706 611 742 viam
642 713 868 752 monstrent;
901 714 935 742 et
962 719 1120 755 quorum
1154 707 1289 743 diserta
1319 706 1409 743 haec
1437 707 1587 744 accessit
1619 707 1830 755 professio,

306 769 487 818 principes
514 780 627 816 aeque
653 780 694 803 ac
720 769 905 816 privatum
932 780 1116 819 quemque
1137 769 1252 805 civem
1278 768 1339 805 his
1354 769 1542 807 devinctos
1558 781 1638 804 esse
1655 768 1824 817 legibus,

305 830 343 867 in
368 829 535 866 omnibns
556 830 738 874 consiliis,
768 830 920 867 decretis
939 839 1048 879 atque
1071 831 1274 877 institutis,
1294 839 1328 866 et
1350 832 1387 868 in
1407 833 1580 869 universa
1601 832 1742 880 imperii
1763 844 1829 868 ra·-

305 894 404 930 tione
421 893 477 929 his
504 906 541 929 se
561 893 776 930 constrictos
798 905 877 928 esse
904 893 1088 938 vinculis,
1126 894 1367 929 humanorum
1387 894 1550 930 omnium
1577 892 1626 929 ab,
1651 893 1719 930 hoc
1743 893 1830 941 jure

306 955 430 991 divino
457 955 708 990 institutorum
733 953 888 1001 pendere
914 955 988 991 vim
1015 962 1051 991 et
1068 955 1297 1000 firmitatem,
1326 964 1360 991 et
1387 955 1456 991 hae
1475 957 1596 991 solum
1619 955 1690 992 fide
1710 969 1753 993 ac
1769 968 1831 993 ree

308 1015 443 1064 ligione
456 1043 469 1060 ‚
498 1015 683 1064 quidquid
703 1015 902 1050 humanum
919 1022 994 1060 est,
1020 1015 1144 1063 perfici
1164 1028 1205 1050 ac
1219 1024 1405 1062 perstare3
1433 1017 1479 1051 ab
1501 1017 1558 1053 his
1581 1018 1695 1065 igitur
1721 1018 1832 1057 Prin-2

308 1075 473 1125 cipibus,
501 1075 640 1126 quibus
658 1076 753 1113 hanc
773 1075 921 1124 publice
941 1077 1153 1114 sententiam
1169 1077 1289 1112 dicere
1307 1084 1342 1112 et
1358 1078 1593 1126 promulgare
1613 1078 1738 1115 visum
1750 1087 1828 1126 est,

309 1146 342 1175 et
362 1151 517 1188 quorum
542 1138 638 1175 haec·
656 1137 827 1175 manibus
857 1139 1071 1188 obsignata,
1109 1146 1144 1174 et
1173 1138 1209 1173 in
1238 1138 1400 1173 omnium
1430 1138 1565 1174 civium
1595 1141 1830 1190 omniumque

306 1202 526 1249 populorum
546 1202 660 1238 oculis
679 1202 794 1250 posita
806 1229 820 1248 ,
841 1209 876 1237 et
893 1200 1080 1250 religionis
1097 1199 1167 1237 fide
1184 1199 1395 1236 confirmata
1409 1208 1463 1236 est
1481 1201 1707 1249 testificatio,
1721 1216 1831 1240 num-

307 1264 398 1313 quid
426 1277 542 1313 nuper
571 1265 789 1302 constitutae
819 1265 900 1314 paci
927 1272 961 1300 et
984 1264 1172 1301 securitati-
1189 1262 1360 1311 publicae
1377 1263 1609 1299 metuendum
1627 1264 1701 1301 sit?
1751 1265 1834 1307 lmus

307 1334 396 1362 vero
423 1326 469 1362 ab
504 1327 606 1373 illis,
638 1327 702 1376 qui
728 1340 805 1363 non*
825 1327 933 1363 aliam
956 1327 1145 1364 civitatum
1165 1335 1198 1362 et
1219 1327 1427 1375 principum
1443 1329 1746 1374 comparationem
1773 1328 1836 1366 in-.

309 1386 485 1432 stimant,
513 1400 624 1436 quam
647 1388 836 1424 hominum
852 1388 1080 1436 singulorum
1092 1417 1105 1434 ‚
1138 1397 1170 1425 et
1189 1379 1299 1425 un'am
1325 1389 1547 1438 eandemque
1563 1390 1725 1425 omni-um
1741 1401 1831 1438 gen·

306 1447 396 1483 tium
422 1456 531 1498 atq-le
558 1451 717 1486 omniurn
745 1450 950 1498 principum
977 1451 1182 1487 societatem
1208 1463 1287 1487 esse
1312 1450 1426 1499 probe
1452 1450 1766 1495 animadvertunt,
1795 1455 1832 1486 et

308 1520 347 1544 se
371 1509 524 1546 invicem
556 1513 646 1548 adeo
676 1513 835 1548 fratrum
865 1513 943 1549 loeo
973 1526 1011 1549 se
1038 1512 1194 1559 habere,
1223 1521 1256 1548 et
1274 1521 1451 1561 tanquam
1467 1512 1578 1547 unius
1598 1511 1831 1560 ejusdemque

307 1570 465 1607 civitatis
485 1572 718 1610 Christianae
735 1575 834 1611 cives
853 1575 1033 1611 amicitiae
1056 1588 1245 1624 nunquam
1273 1572 1538 1622 diffringendae
1557 1574 1716 1611 vincul-is
1747 1586 1831 1613 arco,

307 1631 447 1667 tissime
474 1633 566 1670 inter
593 1646 630 1670 se
650 1636 798 1682 junctos
829 1648 908 1671 esse
935 1644 970 1672 et
996 1637 1209 1686 colligatos,
1239 1645 1294 1683 et,
1321 1645 1362 1672 ut
1385 1636 1544 1685 quisq-ue
1568 1636 1725 1672 maxime
1748 1635 1830 1683 opis

308 1692 486 1741 indigeat,
516 1695 565 1730 ita
584 1697 615 1730 ei
635 1697 865 1744 potissimum
880 1699 1055 1746 opitulari
1074 1701 1171 1737 velle
1193 1707 1392 1745 testantur,
1421 1707 1455 1734 et
1475 1698 1572 1734 hunc
1591 1710 1676 1747 erga
1695 1698 1829 1733 milites

310 1767 398 1792 suos
426 1770 620 1807 omnesque
648 1759 797 1808 imperio
825 1774 890 1797 suo
924 1762 1108 1810 subjectos
1134 1761 1364 1798 manifestum
1399 1760 1555 1796 reddunt
1583 1772 1751 1805 sensum,
1786 1764 1829 1796 ut

307 1826 456 1866 paterno
474 1833 596 1856 omnes
614 1834 735 1857 amore
757 1824 1046 1871 complectantur
1060 1852 1076 1869 ,
1101 1824 1222 1871 iisque
1242 1823 1338 1859 omni
1352 1833 1491 1870 opera,
1519 1820 1643 1861 labore
1663 1830 1697 1857 et
1711 1833 1799 1856 cura
1809 1846 1826 1866 ‚

308 1881 479 1927 prodesse
509 1884 696 1931 stu'leant3
725 1883 770 1920 ab
799 1885 876 1921 illis
904 1899 1011 1935 ergo,
1039 1886 1104 1935 qui
1127 1897 1305 1921 summam
1328 1892 1362 1919 et
1382 1884 1583 1932 principem
1602 1883 1695 1919 hanc
1713 1882 1832 1931 adop--v

309 1948 432 1979 taruut
451 1944 586 1993 legem,
616 1954 656 1981 ut
677 1947 739 1982 alii
761 1947 844 1982 aliis
853 1975 866 1993 ‚
893 1960 958 1984 nec
976 1948 1095 1984 solum
1114 1947 1297 1996 principes
1318 1945 1568 1995 principibus,
1598 1945 1660 1981 sed
1688 1940 1825 1991 singuli

313 2002 468 2051 singulis
485 2019 631 2057 quoque
658 2007 803 2046 civibus
822 2009 926 2057 suis,
954 2009 1076 2060 quoad
1094 2010 1258 2059 possint,
1284 2009 1332 2046 ad
1356 2009 1500 2058 justum
1517 2006 1697 2046 libertatis
1715 2015 1826 2041 usum

1767 2075 1826 2102 u).-
