1940 2474
241 140 263 171 a
521 140 995 179 <atavia
1081 145 1475 188 MAssow‘.

244 236 300 264 que
318 236 382 263 eas,
408 236 481 265 quae
502 230 670 260 Dominium
699 231 894 268 transferunt,
922 233 1005 263 etiam
1036 235 1098 264 sine
1126 237 1310 276 Traditione,
1340 240 1383 268 uti
1411 239 1442 269 in
1469 239 1606 278 Legatis,
1635 241 1748 274 mortis*

240 287 325 307 causa
344 280 568 317 donationibus,
590 284 769 312 restitutione
787 284 810 312 f.
833 285 981 314 commissi
1005 287 1192 323 universalis,
1214 295 1269 318 etc.
1312 291 1401 329 Quod
1417 292 1451 320 ad
1470 292 1593 329 primum
1617 295 1737 331 attinet,

239 330 351 360 nullum
375 331 492 361 dubium
518 340 579 368 est,
608 335 678 370 quin
703 335 752 371 qui
780 336 946 365 Publiciana
969 343 1082 374 utatur,
1111 346 1242 375 oporteat
1267 341 1434 371 Traditione
1454 352 1511 372 rem
1540 343 1744 379 acquisivisse.

238 380 312 410 Nam
336 392 365 411 v.
384 392 410 411 c.
432 384 552 421 Emtor,
583 387 633 422 qui
656 387 779 423 pretium
804 387 912 423 solvit,
941 397 992 417 nec
1018 389 1184 419 Traditione
1210 391 1239 420 in
1262 393 1446 429 possessione
1475 394 1654 423 constitutus
1676 402 1744 432 est,

238 432 292 460 hac
311 433 423 462 actione
441 444 521 472 agere
539 445 597 465 non
618 444 733 473 potest,
756 438 822 474 quia
844 439 1011 469 Dominium
1037 441 1075 470 rei
1100 448 1188 471 emtae
1211 452 1270 472 non
1293 444 1358 480 ipso
1381 445 1444 481 jure
1464 445 1566 474 transit
1590 445 1619 473 in
1642 446 1745 475 Emto-

237 491 313 519 rem,
342 486 392 513 sed
412 486 615 516 interveniente
637 488 825 525 Traditione3
855 496 882 518 et
903 490 1048 521 Emtionis
1075 500 1240 524 contractus
1266 495 1327 524 sine
1351 504 1381 524 ea
1406 495 1480 524 haud
1503 495 1647 531 perfectus
1669 496 1744 531 erit,

233 540 262 562 et
282 535 345 564 ideo
369 536 483 566 Praetor
503 539 622 567 verbum
646 540 800 570 Traditum
819 541 848 569 in
870 542 976 572 EdIeto
1000 544 1140 581 inseruit,
1164 546 1298 581 quoniam
1323 547 1356 575 de
1376 547 1512 576 Emtiane
1534 547 1645 583 agebat.
1685 545 1743 576 Sed

234 593 294 614 non
316 595 370 615 una
397 595 440 617 est
464 589 651 626 Interpretum
673 593 833 629 sententia,
862 594 896 622 de
916 602 965 630 eo,
996 596 1074 630 quod
1100 598 1226 626 secundo
1254 600 1321 628 loco
1344 597 1489 633 diximus,
1515 606 1615 634 nempe
1639 598 1674 626 de
1702 606 1744 626 re-

232 636 306 672 bus,
329 647 448 673 quarum
472 641 641 670 Dominium
666 643 726 671 sine
749 644 917 674 Traditione
936 646 1124 682 acquirimus.
1166 650 1240 678 Sunt
1264 650 1359 685 enim,
1382 650 1432 685 qui
1456 655 1579 686 putent,
1607 649 1691 677 etiam
1710 648 1742 677 in

230 687 310 716 hisce
331 690 434 726 rebus,
459 699 522 721 ante
544 693 745 723 instituendam
771 696 844 725 hanc
863 697 1021 734 actionem,
1043 699 1239 730 Traditionem
1259 702 1354 730 locum
1381 701 1516 730 habuisse
1540 701 1638 729 debere
1659 700 1738 740 (9).

230 739 286 767 Sed
309 740 379 770 illud
408 743 514 772 falsum
539 753 622 780 esse,
652 745 733 774 facile
753 747 880 784 patebit,
901 748 1029 786 inspecta
1055 750 1093 780 L.
1114 761 1160 781 12.
1189 754 1218 789 §.
1239 762 1263 783 1.
1288 752 1324 789 ff.
1347 754 1377 782 lz.
1399 753 1431 780 T.
1479 753 1513 781 In
1541 752 1589 780 illa
1612 752 1672 788 lege
1700 751 1741 779 ita

225 790 340 826 JCtus:
368 813 386 827 ‚‚
400 793 427 821 Is
450 796 499 822 cal
518 804 554 823 cx
575 797 755 825 Trebelliano
773 799 918 827 hereditas
944 803 1082 829 restitum
1105 809 1164 837 est,
1186 805 1300 830 etiamsi
1323 813 1378 831 mm
1395 804 1493 840 fuerit
1515 809 1616 831 nactus
1634 810 1742 841 posscs-

229 843 350 878 sionem,
373 846 418 872 uti
430 851 523 882 potest
546 846 755 875 Publicianass’
794 848 840 876 Ex
864 849 1046 879 Trebelliano
1068 851 1148 881 SCto
1171 853 1236 887 quis
1259 853 1283 881 f.
1305 853 1531 882 commissuri-am
1556 853 1740 882 hereditatem

227 900 330 922 nactus
354 895 429 931 fuit,
451 897 500 924 sed
523 903 674 933 antequam
697 899 735 927 rei
756 900 969 934 possessionem
988 902 1108 937 adeptus
1131 901 1233 938 suerit,
1257 912 1299 932 res
1321 905 1355 932 ad
1376 905 1448 932 alios
1467 901 1619 940 pervenit3'
1633 904 1738 932 nihilo-

227 945 323 975 minus
349 946 374 974 ei
398 947 453 976 hoc
477 956 545 976 casu
574 950 711 985 competit
737 950 919 986 Publiciana,
947 955 1082 987 quoniam
1109 962 1144 982 ex
1175 961 1205 982 ea
1229 962 1315 983 causa
1336 963 1393 983 rem
1416 954 1474 983 sibi
1500 954 1677 990 acquisivit,
1705 961 1740 982 ex

227 1005 283 1031 qua
307 997 372 1033 ipso
394 999 474 1035 jure,
502 1000 563 1028 sine
587 1001 739 1030 traditione
756 1001 925 1031 Dominium
948 1004 1131 1033 transfertur.
1187 1006 1215 1034 A
1238 1014 1267 1033 re
1294 1012 1386 1035 autem
1408 1006 1494 1042 plane
1523 1005 1647 1033 alienum
1673 1010 1739 1040 est,

227 1049 306 1083 quod
326 1049 525 1079 dissentientes
547 1053 744 1089 contendunt,
766 1053 795 1082 in
816 1054 868 1082 hac
889 1053 966 1091 Lege
979 1055 1173 1085 Publicianam
1194 1057 1249 1093 jain
1266 1056 1451 1093 comperiisse
1470 1055 1629 1090 defuncto,
1650 1062 1740 1090 eaque

224 1098 360 1128 Heredem
382 1110 478 1137 agere,
500 1103 583 1137 quasi
606 1103 772 1132 defunctum
795 1113 846 1140 per
870 1107 965 1134 omnia
989 1114 1254 1143 repraesentantem.
1298 1109 1358 1137 Suo
1384 1109 1450 1137 loco
1472 1113 1564 1136 autem
1589 1105 1686 1134 fusius
1704 1105 1741 1133 de

224 1150 276 1179 hac
301 1152 377 1189 Lege
406 1162 533 1190 agemus.
578 1155 720 1183 Praeterea
752 1164 832 1184 suam
859 1157 1015 1186 sententiae
1039 1167 1115 1187 meae
1143 1159 1201 1188 vim
1230 1159 1392 1188 tribuerunt
1424 1159 1503 1194 ipsae
1532 1158 1595 1186 illae
1625 1156 1739 1192 Leges,

224 1210 295 1237 quas
317 1212 370 1239 pro
392 1213 422 1232 se
451 1204 572 1234 afferunt
597 1206 817 1243 dissentientes3
848 1208 960 1237 scilicet
986 1209 1024 1237 L.
1046 1219 1071 1238 1.
1101 1211 1130 1245 ἓ.
1154 1219 1183 1238 2.
1212 1211 1251 1238 L.
1270 1221 1306 1246 2,
1329 1220 1365 1247 3,
1390 1218 1440 1248 pr.
1463 1210 1492 1237 l1.
1516 1208 1549 1236 T.
1595 1208 1741 1245 Ulpianus

220 1254 295 1282 enim
321 1255 360 1283 ibi
384 1257 520 1284 rationem
547 1257 675 1293 quaerit,
707 1267 793 1293 quare
820 1259 934 1288 Praetor
964 1267 1074 1289 tantuin
1100 1261 1272 1290 mentionem
1303 1262 1407 1289 fecerat
1433 1261 1556 1288 duorum
1583 1259 1739 1286 modorum

220 1306 387 1340 acquirendi
408 1307 547 1342 dominii,
571 1308 750 1337 Traditionis
771 1319 873 1347 nempe
889 1318 916 1340 et
941 1312 1148 1350 Usta-apionis,
1170 1322 1236 1342 cnm
1259 1313 1351 1342 adhuc
1372 1312 1478 1341 multae
1501 1309 1558 1337 sint
1577 1308 1650 1345 juris
1670 1316 1735 1344 par-

219 1362 280 1391 tes,
303 1357 408 1392 quibus
433 1358 600 1386 Dominium
618 1359 679 1387 sine
698 1360 866 1389 Traditione
889 1363 954 1394 quis
975 1362 1210 1390 nancisceretur?
1240 1363 1365 1390 Miratur
1379 1363 1495 1397 JCtus‚
1516 1360 1676 1388 Praetorem
1699 1359 1735 1386 de

220 1407 256 1435 iis
283 1409 400 1437 omnino
424 1408 496 1437 nihil
527 1409 643 1437 dixisse.
692 1409 731 1437 Et
749 1409 816 1438 haec
834 1411 896 1446 ejus
920 1408 1031 1436 miratio
1048 1411 1128 1435 nullo
1151 1412 1206 1436 alio
1230 1413 1316 1435 modo
1337 1411 1523 1441 explicanda,
1546 1417 1631 1440 quam
1656 1408 1736 1441 quod

218 1458 439 1495 significaverit,
461 1460 543 1488 etiam
567 1460 596 1488 in
617 1460 661 1488 his
685 1460 778 1488 modis
799 1460 833 1489 ad
855 1459 1049 1488 Publicianam
1070 1457 1265 1487 Traditionem
1290 1465 1348 1485 non
1373 1455 1491 1491 requiri.

259 1510 398 1546 Sequitur
421 1520 507 1547 porro
533 1521 568 1540 cx
584 1511 672 1547 justa
694 1521 795 1539 cama.
843 1510 1014 1545 Requiritur
1032 1509 1128 1544 enim,
1151 1515 1183 1537 ut
1204 1517 1236 1536 ex
1255 1508 1303 1536 tali
1330 1516 1416 1535 causa
1440 1515 1496 1534 rem
1525 1507 1591 1541 quis
1611 1507 1732 1543 adeptus

219 1562 322 1597 fuerit,
349 1571 382 1590 ex
407 1571 482 1598 qua,
509 1562 534 1590 si
563 1563 673 1590 tradens
702 1571 787 1591 verus
816 1561 959 1590 Dominus
991 1560 1116 1594 fuisset,
1151 1560 1262 1596 justum
1292 1558 1459 1587 Dominium
1490 1558 1730 1587 nancisceremur.

215 1611 312 1647 Justae
330 1621 432 1640 causae
453 1620 545 1641 autem
568 1619 768 1643 enumerantur
787 1613 814 1641 in
835 1613 874 1641 L.
893 1622 918 1642 1.
940 1613 969 1649 §.
986 1621 1014 1641 2.
1037 1612 1075 1640 L.
1093 1621 1128 1648 3,
1148 1620 1185 1646 4,
1208 1618 1244 1646 5,
1265 1611 1302 1644 6,
1324 1610 1362 1638 L.
1385 1618 1411 1645 7.
1435 1610 1464 1645 §.
1484 1618 1518 1645 3,
1542 1616 1578 1645 5,
1601 1618 1628 1644 7.
1657 1618 1732 1645 quae

218 1670 316 1689 omnes
337 1672 389 1691 suo
409 1665 473 1691 loeo
492 1665 673 1700 explicandae
690 1671 770 1693 sunt.

255 1713 306 1741 Ait
329 1713 443 1741 Praetor
467 1724 485 1740 a
507 1724 562 1741 non
581 1715 714 1742 Domino.
757 1716 798 1743 Ita
821 1721 907 1743 recte.
950 1714 979 1742 Si
1004 1714 1077 1743 enim
1106 1713 1251 1743 Dominus
1276 1712 1458 1746 tradidisset,
1484 1711 1651 1739 Dominium
1673 1716 1730 1737 sta·

217 1764 267 1792 tim
289 1764 317 1792 in
339 1764 526 1800 accipientem
549 1766 716 1793 translatum
743 1765 833 1801 foret,
862 1767 989 1801 adeoque
1014 1766 1055 1794 illi
1076 1767 1142 1794 haec
1168 1765 1243 1794 actio
1267 1762 1424 1793 necessaria
1445 1770 1503 1790 non
1522 1768 1615 1795 esset,
1637 1768 1727 1795 quum

1670 1817 1730 1839 tan-

242 1891 293 1920 (9)
309 1893 345 1916 Cf.
366 1894 428 1914 Faber
442 1895 464 1914 in
479 1895 529 1916 Rat.
543 1893 572 1914 ad
587 1893 613 1915 L.
628 1898 647 1914 α.
661 1893 688 1920 ff:
705 1894 725 1916 Ιι.
739 1895 762 1915 Τ,
795 1895 843 1915 Vm
857 1896 879 1915 in
893 1898 965 1917 conum.
983 1894 1002 1914 Ιι.
1018 1893 1040 1915 Τ.
1054 1894 1082 1920 ff.
1100 1892 1118 1918 5.
1137 1899 1170 1917 ιι.
1201 1895 1270 1915 Krane
1290 1892 1373 1915 ohram.
1389 1891 1413 1911 dc
1433 1889 1497 1911 indole
1515 1889 1561 1910 An.
1577 1888 1638 1909 Puht.
1662 1887 1682 1914 5-
1698 1891 1725 1912 ¹⁸

216 1939 238 1956 tt
250 1941 310 1962 seqq.
340 1936 457 1957 lleineccim
471 1938 493 1957 in
506 1937 580 1963 opine.
598 1937 688 1958 Possum.
701 1935 725 1956 de
742 1937 789 1957 hin.
807 1936 850 1959 Ed.
865 1937 887 1957 h·
905 1937 929 1959 T,
953 1942 975 1958 n.
988 1940 1010 1963 7.
1027 1942 1050 1962 p-
1064 1939 1112 1961 470.
