1940 2474
414 151 943 192 coMManri-Arm
1010 152 1422 189 L‘ITER‘ARIAJ
1638 153 1688 200 39

154 255 203 278 eos
225 247 357 276 laborum
380 254 499 275 suorum
518 246 632 276 fructus
655 245 867 283 percepissent,
891 253 965 281 quos
987 252 1035 274 eos
1057 245 1220 281 percepisse
1239 251 1363 274 constat.
1405 243 1496 281 Igitur
1518 242 1547 271 in
1572 243 1677 279 prinus-

154 301 189 328 ab
211 308 244 328 eo
267 299 332 327 inde
354 305 501 334 tempore,
523 308 538 327 a
560 307 619 334 quo
640 297 797 334 superioris
813 297 951 333 Epocliae
970 296 1084 324 initium
1106 296 1262 331 duximus,
1292 296 1395 324 sensim
1428 295 1592 331 sensimque
1612 295 1676 323 Ro-

153 359 303 380 manorum
317 350 428 379 animos
450 356 529 379 totos
549 349 704 387 occupavit
721 348 880 378 Literarum
899 356 994 382 amor,
1017 347 1100 384 cujus
1124 349 1168 375 vel
1189 347 1396 376 vetustissimis
1417 347 1599 383 temporibus
1617 347 1675 384 jam

153 403 236 439 quasi
255 403 370 431 occulta
391 403 528 438 quaedam
553 401 659 431 semina
681 401 821 430 latuerant
843 401 872 430 in
893 399 968 429 avita
983 397 1220 435 consuetudine,
1243 408 1300 436 qua
1319 400 1368 428 vel
1392 398 1530 434 militiae,
1551 399 1601 427 vei
1619 398 1676 436 Ju-

151 455 191 482 ris
215 453 439 490 intelligentiae,
456 454 503 482 vel
526 453 717 489 Eloquentiae
735 461 796 482 sese
816 451 973 481 tradebant.
1021 451 1095 479 Nam
1117 460 1151 480 ne
1175 444 1324 486 dic'ainus,
1347 457 1455 486 quanto
1483 450 1582 478 ardore
1603 457 1674 478 con-

150 505 287 534 fluxerint
308 506 343 534 ad
359 505 531 533 audiendum
551 506 712 541 Cratetem,
733 504 910 534 Graecorum
927 504 1074 532 Poetarum
1099 503 1250 532 volumina
1274 508 1468 537 enarrantem,
1490 509 1538 530 aut
1562 502 1596 530 ad
1619 510 1674 530 no-

151 556 224 585 biles
241 557 309 585 illos
324 563 381 586 tres
395 557 610 593 Philosophos,
634 566 708 593 quos
730 565 817 592 supra
837 555 1070 591 nominavimus3
1092 563 1126 583 nc
1144 555 1245 583 iterum
1263 554 1438 590 Scipiones,
1456 553 1591 588 Laelios,
1613 552 1672 581 Fu-

146 607 207 637 rios
231 608 448 645 praedicemus,
477 617 574 645 nonne
593 609 638 637 vel
660 608 724 644 ipse
749 608 839 643 Cato,
866 607 1034 642 ceteroquin
1058 607 1160 635 veteris
1188 606 1357 642 disciplinae
1377 605 1600 640 tenacissimus,
1628 612 1672 633 se-

147 667 203 690 nex
227 666 321 689 tamen
344 660 457 689 Literas
480 660 606 689 Graecas
625 659 784 689 addidicit?
811 659 927 688 Paulus
940 665 1033 687 autem
1053 659 1216 693 Aemilius,
1236 659 1293 695 jam
1314 664 1482 693 anteaquam
1503 655 1673 685 Macedoni-

148 718 210 740 cam
239 712 449 749 expeditionem
476 710 673 748 suscepisset,
702 712 778 740 filios
800 711 928 740 exercuit
954 719 1020 738 cum
1044 709 1143 747 patriis
1173 709 1355 745 disciplinis,
1386 718 1458 745 quas
1482 709 1543 744 ipse
1564 707 1674 736 didice-

147 769 211 799 rat,
241 769 302 792 tum
326 764 433 800 majore
460 763 543 792 etiam
573 764 671 792 studio
695 763 835 792 Graecis:
867 762 976 798 quippe
998 762 1049 797 qui
1070 770 1129 791 non
1159 767 1270 789 tantum
1294 760 1528 796 Grammaticos,
1550 759 1676 796 Sophis-

147 818 211 849 taS,
232 814 398 850 Rhetores,
419 816 468 844 sed
487 814 570 843 etiam
595 815 772 851 statuarios,
793 814 941 851 pictores,
964 822 1104 849 equorum
1126 813 1349 848 catulorumque
1367 812 1544 847 domitores,
1575 818 1603 839 et
1622 818 1675 839 ve·

142 864 237 894 nandi>
252 866 405 903 magistros
428 866 525 903 (quae
546 867 642 896 omnia
670 867 699 896 in
726 866 903 896 Graecorum
925 865 1112 893 institutione
1135 866 1232 893 locum
1255 864 1423 902 habebant)
1442 863 1599 901 Juvenibus
1621 863 1674 891 de-

144 915 206 945 dit:
228 917 279 946 secl
295 918 358 954 ipse
374 924 470 954 pater,
492 919 549 947 nisi
571 920 652 955 quod
673 918 825 955 publicum
847 917 996 954 negotium
1020 916 1190 952 impediret,
1210 916 1308 944 liberis
1332 915 1394 944 suis
1420 923 1482 944 sese
1505 921 1678 952 praeparan-

142 967 226 997 tibus
247 974 275 997 et
300 969 499 999 exercentibus
523 979 634 1008 semper
655 971 768 1006 aderat,
798 969 928 998 omnium
947 967 1146 997 Romanorum
1170 968 1292 996 maxime
1314 967 1392 996 filios
1415 967 1551 1004 diligens.
1599 965 1678 996 Vid.

139 1014 300 1061 Pluthreh.
323 1019 354 1050 in
377 1020 472 1047 Paula
496 1021 581 1046 dem.
611 1018 644 1054 p.
668 1021 743 1055 258,
766 1018 801 1047 B.
849 1021 926 1047 Cum
948 1028 1017 1048 vero
1046 1019 1180 1049 Perseum
1203 1020 1340 1055 vicisset,
1370 1020 1439 1048 dum
1462 1018 1605 1048 exercitus
1630 1024 1676 1046 re-

141 1068 324 1105 quiesceret,
349 1068 412 1105 ipse
434 1067 470 1097 ad
493 1067 641 1099 Graeciam
673 1070 824 1100 videndam
845 1078 908 1100 sese
934 1069 1229 1108 contulit,‘eamque
1251 1078 1419 1109 peragratus
1441 1077 1502 1100 est:
1529 1078 1563 1099 ex
1586 1067 1676 1106 regiis

139 1126 238 1150 autem
257 1114 382 1157 spoliis,
411 1128 482 1150 auro
511 1128 689 1159 argentoque
715 1122 920 1159 quaestoribus
946 1122 1070 1159 tradito,
1100 1124 1182 1153 solos
1205 1123 1301 1160 ipsius
1324 1123 1414 1152 libros
1439 1121 1508 1151 filiis
1529 1119 1677 1150 sui's1ite-

137 1175 233 1201 rarum
260 1172 402 1202 studiosis
423 1172 736 1213 (φιλογραμματοῦσι)
757 1176 825 1213 eligi
844 1174 955 1212 jussit3
986 1181 1019 1204 ut
1036 1176 1110 1204 idem
1134 1175 1220 1205 refert
1238 1175 1420 1204 Plutarchus
1441 1179 1474 1211 p'.
1493 1171 1621 1210 ‘2703ss
1643 1173 1676 1197 et

136 1221 179 1253 D.
218 1224 335 1254 Primus
357 1224 446 1262 igitur
469 1234 504 1255 ex
524 1225 665 1256 Romanis
688 1227 899 1257 Bibliothecam
925 1229 1076 1265 quamdam
1100 1228 1248 1258 condidit:
1272 1228 1353 1265 quod
1373 1227 1535 1263 exemptum
1551 1219 1602 1249 alii
1626 1226 1675 1249 Se·

135 1273 201 1305 cuti
224 1279 359 1315 privatim
387 1274 443 1308 sibi
467 1279 608 1310 librorum
632 1283 732 1319 copias
753 1290 973 1320 compararunt,
1003 1288 1126 1318 quarum
1148 1275 1243 1309 tamen‘
1264 1287 1352 1308 usum
1381 1279 1529 1307 doctrmae
1553 1270 1672 1308 cupid-1⁵

137 1327 200 1355 non
217 1326 398 1353 invidebant.
437 1330 472 1353 ln
489 1331 592 1361 primis
614 1334 735 1362 celebris
760 1334 817 1363 fnit
838 1342 865 1362 et
885 1334 1034 1370 splendida
1052 1332 1206 1362 Ciceronis
1228 1336 1358 1369 tempore
1374 1323 1497 1354 Luculli
1512 1322 1670 1352 Bibliothe-

137 1383 196 1411 ca,
223 1373 254 1404 in
276 1382 363 1410 quam
386 1383 484 1405 omnes
505 1376 637 1413 undique
659 1380 741 1407 docti
767 1383 899 1412 homines
923 1385 1129 1414 confluebant,
1155 1387 1292 1415 tanquam
1315 1377 1345 1406 in
1369 1370 1525 1405 Musarum
1549 1373 1671 1411 aliquod

138 1425 353 1462 deversorium,
383 1427 472 1465 ὥσπερ
493 1429 534 1462 εἷς
555 1433 671 1460 Μουσῶν
696 1441 724 1460 τι
745 1431 939 1466 unanimi«,
968 1438 1001 1459 ut
1025 1434 1099 1460 idem
1122 1430 1160 1457 ait
1184 1431 1216 1457 in
1231 1429 1357 1458 Lucullo
1383 1437 1414 1464 p.
1433 1435 1509 1464 519'2
1530 1426 1569 1456 Ε·
1611 1424 1670 1455 sed

138 1483 182 1506 ex*
190 1476 306 1506 Aemilii
328 1478 459 1514 exemplo
481 1478 565 1507 etiam
582 1486 715 1516 apparet,
741 1487 769 1510 et
786 1488 867 1510 antea
886 1480 1024 1510 habuisse
1037 1481 1187 1510 Romanos
1210 1476 1337 1516 aliquam
1354 1479 1516 1509 Literarum
1536 1474 1670 1514 discipli-

138 1537 226 1565 nam,
248 1536 276 1558 et
297 1537 327 1558 ea
353 1536 443 1559 aetate
465 1538 530 1559 cum
552 1531 604 1560 hac
622 1531 761 1561 Graecam
781 1533 919 1570 conjungi
939 1533 1082 1570 coepisse.
1122 1533 1193 1562 Non
1208 1532 1282 1563 enim
1304 1533 1335 1561 in
1352 1540 1410 1562 una
1422 1531 1540 1562 Aemilii
1555 1529 1666 1560 familia

136 1580 170 1610 id
191 1581 338 1610 obtinuit:
369 1583 418 1610 sed
443 1589 470 1611 et
496 1584 549 1612 alii
568 1583 743 1613 Graecarum
767 1585 914 1614 literarum
939 1585 1069 1615 studiosi
1088 1591 1185 1621 erant,
1212 1592 1240 1614 et
1263 1584 1391 1614 Graecos
1412 1583 1619 1620 Philosophos‘
1638 1587 1667 1609 et

136 1631 349 1662 Grammaticos
372 1633 535 1664 audiebant.
585 1635 662 1665 Hinc
685 1637 774 1673 igitur
793 1636 904 1667 factum
927 1645 992 1674 est,
1019 1645 1052 1667 ut
1077 1637 1218 1666 Cicerone
1237 1645 1346 1674 puero,
1375 1644 1441 1665 cum
1460 1634 1583 1665 Archias
1604 1632 1669 1659 Ro·

135 1691 210 1712 mam
232 1686 357 1721 veniret,
386 1694 462 1716 esset
484 1696 587 1724 magna
611 1689 695 1726 copia
721 1697 840 1726 eorum,
869 1691 920 1727 qui
942 1699 1002 1721 non
1027 1690 1123 1719 solum
1147 1689 1293 1726 percipere
1321 1688 1430 1724 aliquid
1453 1691 1541 1720 atque
1569 1681 1685 1711 ‘aldire‘

135 1735 302 1769 studerent,
325 1732 375 1761 sed
395 1733 479 1763 etiam
503 1736 692 1778 simularent,
716 1742 882 1781 quibusque
903 1752 1054 1783 propterea
1078 1749 1177 1782 grams
1193 1742 1304 1771 veniret
1319 1738 1455 1768 Archias.
1498 1734 1669 1764 celebravit

135 1789 188 1816 eos
217 1787 280 1822 ipse
301 1785 402 1815 Cicero
423 1785 454 1815 in
480 1786 561 1818 Orat.
583 1800 638 1826 pro
662 1793 718 1823 hoc
736 1794 841 1832 Poeta,
864 1806 880 1832 3
898 1806 966 1834 sqq.
1007 1791 1092 1825 Virili
1117 1801 1210 1824 autem
1237 1785 1390 1822 Ciceronis
1414 1782 1505 1819 aetate
1520 1788 1580 1826 J'am
1598 1786 1663 1816 nul-

138 1839 186 1867 lus
208 1837 266 1867 fere
286 1837 494 1876 reperiebatur,
523 1840 576 1876 ‘lui
598 1851 657 1873 non
680 1844 807 1881 aliquam
838 1848 987 1878 docti-inae
1013 1849 1126 1879 laudem
1147 1852 1316 1881 mereretur,
1345 1844 1392 1874 vel
1413 1847 1487 1871 certe
1505 1843 1662 1877 appeteret.

139 1888 243 1926 Neque
268 1889 358 1926 togati
379 1896 490 1926 tantum
512 1893 592 1929 pacis
613 1901 760 1934 tempore,
783 1900 833 1930 sed
850 1899 907 1936 ipsi
925 1901 1115 1938 Imperatores
1133 1909 1227 1938 prope
1244 1898 1363 1933 armati,
1388 1895 1540 1926 Poetarum
1556 1895 1663 1919 nomeu

137 1945 168 1969 et
187 1938 341 1970 Musarum
368 1940 485 1971 delubra
506 1945 672 1975 coluerunt:
696 1956 732 1976 ue
754 1948 812 1986 ipsi
829 1951 946 1986 quidem
965 1954 1095 1990 milites„
1107 1954 1198 1984 forres
1220 1952 1264 1978 illi
1283 1950 1416 1987 quidem·
1439 1946 1490 1970 πα
1509 1941 1612 1970 fflfflssi
1631 1945 1662 1970 εἴ

141 1991 272 2030 indocti,
294 2001 311 2023 a
325 1992 472 2026 literarum
489 1996 595 2028 studiis
615 2006 736 2036 prorsus
754 2001 984 2043 abhorruerunt,
1005 2005 1078 2042 qui,
1093 2008 1159 2031 cum
1174 1999 1330 2035 Pomch'us
1345 1992 1552 2031 Theophanem
1566 1991 1659 2028 Mity-

1623 2042 1665 2077 10-
