1940 2474
307 149 328 183 8
536 149 573 181 H.
640 149 677 184 C.
742 160 853 183 vau
920 160 1026 183 nna
1091 152 1267 185 BOON
1333 153 1576 196 MESCH,

304 235 377 264 acidi
398 235 542 264 carbonici
565 236 744 274 singulorum
766 245 822 266 una
845 237 995 267 centesima
1016 244 1113 274 parte,
1135 239 1269 275 oxygenii
1290 248 1344 268 una
1369 240 1469 276 quinta
1490 241 1566 278 fere,
1590 242 1666 271 azoti
1691 249 1817 278 quatuor

307 286 417 323 quintis
437 286 494 314 fere
515 287 663 322 partibus,
686 293 800 316 centum
824 288 893 317 aeris
915 289 1146 325 Atmosphaetici
1164 290 1302 318 constitui
1324 291 1430 321 dicant.
1479 293 1578 329 Itaque
1599 294 1810 323 determinatam

306 336 520 373 proportionem
545 344 631 374 atque
657 337 765 374 ubique
789 339 845 367 loci
875 340 1009 374 eandem,
1038 346 1164 375 quatuor
1190 341 1291 369 horum
1318 333 1525 379 principiorum
1551 344 1672 373 inveniri
1699 346 1814 374 demon-

307 394 400 416 strant
419 388 567 424 sequentia
587 388 777 425 experimenta
795 399 810 418 a
832 390 930 419 multis
953 397 980 419 et
1002 390 1111 419 eximiis
1131 391 1261 428 Physicis
1278 393 1420 422 instituta.
1820 384 1827 391 Ἰ

345 439 421 467 Cum
440 445 554 474 autem,
577 440 822 469 consentientibus
845 440 979 470 omnibus
1002 442 1169 478 Chemic1s,
1190 443 1303 472 difficile
1325 444 1362 472 sit
1384 444 1463 473 vario
1487 451 1615 481 tempore
1633 452 1661 474 et
1679 445 1746 475 loco
1767 454 1815 475 ex-

303 489 459 526 perimenta
480 490 693 519 Eudiometrica
715 490 882 527 instituere,
906 501 978 528 quae
1000 494 1213 523 accuratissime
1238 495 1309 524 inter
1334 504 1363 523 se
1387 497 1577 532 conveniant,
1601 505 1653 533 gaz
1676 496 1812 533 oxygenii

303 547 332 568 et
359 541 435 569 azoti
456 541 628 578 proportio,
650 542 781 577 quamvis
803 542 890 572 variis
909 543 982 572 locis
1006 551 1033 572 et
1056 551 1183 582 tempore
1204 546 1385 582 paucissimis
1410 547 1560 583 particulis
1586 547 1696 576 diversa
1715 547 1814 577 inven-

306 597 353 627 ta,
374 592 457 620 debet
481 592 611 628 proxima
631 601 685 628 pro
709 594 802 622 eadem
823 594 932 623 haberi.
976 596 1039 624 Cur
1059 596 1133 624 enim
1155 597 1363 634 principiorum
1390 598 1460 626 acris
1475 598 1705 634 Atmosphaerici
1724 596 1813 634 quan-

306 641 396 670 titatis
417 643 573 672 differentia
592 643 771 679 inveniatur,
795 645 858 681 ipse
870 645 1123 676 Eudiometrorum
1144 647 1272 677 defectus
1296 649 1324 677 in
1350 649 1433 685 culpa
1454 656 1514 677 est:
1545 645 1740 685 proficiscitur
1766 658 1816 679 au-

305 698 359 721 tem
384 693 429 721 hic
452 694 580 722 defectus
603 704 636 723 ex
660 703 713 731 eo,
736 696 814 731 quod
832 704 885 732 gaz
902 697 1044 726 nitrosum
1068 698 1124 727 sibi
1146 699 1238 727 simile
1255 699 1303 728 vix
1323 700 1418 728 haberi
1439 700 1553 736 possit,
1578 701 1657 735 quod
1677 709 1729 737 gaz
1749 708 1815 730 azo-

303 751 365 772 tum
388 744 590 781 phosphorum
616 746 712 774 solvat
734 753 819 782 atque
838 747 876 775 ita
899 748 1045 777 volumine
1066 756 1220 786 augeatur,
1243 751 1323 785 quod
1346 751 1460 779 miscela
1481 759 1515 780 ex
1538 752 1694 787 sulphure,
1716 751 1813 788 ferro,

303 801 331 822 et
352 795 450 830 aqueis
473 795 624 831 particulis
646 796 793 832 confecta,
820 806 872 834 gaz
897 798 1105 836 hydrogenium
1134 801 1262 835 exhalet,
1292 802 1459 837 sulphureta
1481 802 1598 830 alcalina
1622 810 1673 838 gaz
1695 808 1813 831 azotum

295 846 488 877 absorbeant:
518 854 609 881 neque
634 847 730 875 eodem
755 849 868 883 redeat,
893 851 1039 884 quomodo
1060 859 1112 887 gaz
1136 852 1309 887 exploranda
1333 852 1480 889 junxeris,
1503 861 1588 888 quam
1613 861 1718 881 moram
1746 858 1816 889 post

300 896 490 932 experimenta
517 896 648 925 instituta
673 899 764 926 afireae
788 907 898 929 massae
923 902 1117 937 concesseris,
1147 910 1220 936 quae
1242 902 1279 930 sit
1298 909 1503 938 temperatura,
1533 903 1662 939 aerisque
1682 903 1813 940 pressio,

301 947 369 974 dum
391 946 521 975 instituis
541 947 779 984 experimentum3
802 957 861 977 uno
887 950 975 980 verbo
993 953 1103 989 multa,
1125 960 1218 989 neque
1235 959 1331 982 exacte
1351 954 1420 982 satis
1443 953 1668 989 determinanda,
1690 954 1813 991 aliquem

303 997 350 1025 hic
371 997 503 1027 effectum
527 998 605 1027 edere
630 999 696 1039 quis
717 1000 852 1039 ignorat?

1009 1083 1037 1118 §.
1078 1090 1106 1118 7.

338 1151 435 1190 Quum
460 1153 513 1182 iter
535 1162 585 1191 per
601 1155 744 1191 Galliam,
765 1156 917 1193 Angliam,
943 1165 1129 1195 nostramque
1149 1159 1270 1188 Patriam
1296 1159 1419 1196 faceret,
1441 1160 1470 1189 in
1490 1160 1576 1189 aErem
1596 1157 1813 1195 Atmosphaeri-

299 1211 365 1230 cum
392 1204 567 1234 diversarum
592 1207 741 1243 reg-ionum
771 1209 919 1244 complura
943 1209 1070 1238 instituit
1093 1211 1283 1246 experimenta
1311 1211 1525 1240 Eudiometrica
1548 1210 1689 1239 Meritiss.
1712 1209 1814 1247 Ingen-

300 1254 435 1283 houszius
455 1256 540 1294 (7),
563 1264 681 1286 secutus
703 1258 931 1287 Priestleianam
951 1261 1136 1289 methodum:
1160 1261 1188 1290 in
1211 1263 1375 1291 universum
1396 1262 1538 1299 principia
1562 1271 1614 1298 gaz
1636 1259 1812 1297 oxygenium

298 1311 326 1332 et
352 1313 467 1335 azotum
496 1308 655 1342 quantitate
676 1317 847 1345 magnopere
874 1310 983 1338 differre
1012 1319 1070 1339 non
1098 1312 1224 1347 invenit,
1256 1314 1343 1341 aerem
1365 1319 1464 1341 contra
1493 1312 1605 1341 flumini
1631 1312 1742 1339 Tamesi
1771 1311 1815 1340 in-

299 1356 478 1386 cumbentem
502 1359 640 1394 eundem,
664 1368 748 1395 quem
770 1361 835 1389 urbi
861 1361 1001 1397 Ostende,
1028 1363 1168 1398 illumque
1195 1363 1259 1391 urbi
1279 1363 1450 1393 Gravcsend
1465 1364 1602 1399 eundem,
1630 1371 1714 1398 quem
1734 1362 1815 1391 Lon-

301 1404 443 1436 dinensem
472 1409 584 1445 reperit.

341 1455 410 1484 Non
431 1465 502 1494 nego
519 1460 648 1495 interim,
669 1466 696 1489 et
715 1461 976 1499 Ingcnhouszium,
1000 1471 1027 1492 et
1050 1465 1158 1493 multos
1185 1465 1257 1493 aiios
1278 1465 1437 1502 Physicos,
1462 1465 1575 1501 saepius
1600 1464 1737 1492 diversam
1758 1470 1812 1499 gaz

301 1507 435 1543 oxygenii
457 1515 484 1536 et
506 1511 582 1538 azoti
605 1512 790 1546 quantitatem
805 1513 833 1541 in
851 1515 911 1542 ae're
926 1515 1165 1551 Atmosphaerico
1183 1516 1338 1545 invenisse.
1374 1517 1481 1545 Verum
1497 1516 1525 1544 in
1546 1515 1707 1543 memoriam
1730 1521 1812 1542 revo-

302 1566 399 1587 cemus
421 1567 537 1588 necesse
555 1567 617 1596 est,
639 1571 691 1598 gaz
710 1563 872 1600 nitrosum,
897 1574 1023 1601 quocum
1046 1567 1236 1602 experimenta
1261 1567 1387 1596 instituit
1406 1568 1460 1596 Vir
1480 1568 1580 1601 Clau,
1602 1573 1635 1594 ut
1656 1566 1710 1602 jam
1733 1564 1811 1599 dixi,

301 1609 357 1637 sibi
389 1610 482 1638 simile
516 1612 606 1647 parari
636 1621 792 1649 numquam
823 1625 929 1651 posse,
960 1618 1075 1653 saepius
1109 1625 1202 1646 autem
1233 1618 1391 1653 quantitate
1419 1619 1543 1654 partium
1570 1615 1810 1645 constituentium

299 1661 457 1696 agendique
478 1662 586 1691 ratione
608 1665 730 1693 multum
754 1665 884 1702 differre,
906 1667 962 1696 nisi
986 1676 1036 1704 gaz
1056 1669 1197 1697 nitrosum
1221 1678 1286 1697 cum
1307 1669 1449 1704 sulphatis
1470 1668 1535 1695 ferri
1557 1666 1703 1694 solutione
1720 1673 1812 1701 aquea

298 1711 443 1748 junxeris,
474 1722 559 1748 quam
586 1714 779 1744 inventionem
803 1717 913 1752 primus
939 1717 1009 1747 fecit
1038 1719 1083 1747 111.
1105 1719 1247 1757 Davi-215,-
1274 1721 1329 1756 jam
1354 1727 1420 1747 vcro
1445 1725 1533 1753 quum
1559 1716 1714 1745 innumeris
1735 1715 1810 1752 opti-

301 1768 413 1789 morum
442 1763 631 1799 Pliysicorum
658 1767 858 1803 experimentis
885 1776 919 1797 eo
941 1777 984 1797 res
1011 1771 1145 1805 perducta
1168 1771 1226 1805 sit,
1251 1771 1354 1807 (velut
1373 1769 1436 1798 dein
1456 1767 1626 1805 apparebit)
1653 1773 1686 1795 ut
1708 1766 1808 1796 nullus

299 1810 502 1842 chemicorum
522 1816 652 1851 dubitet,
678 1819 748 1852 quin
768 1826 904 1848 constans
927 1826 954 1847 et
980 1821 1148 1850 universilis
1173 1821 1379 1858 principiorum
1398 1820 1468 1848 a'c‘ris
1490 1817 1721 1854 Atmosphaerici
1741 1827 1810 1854 pro-

299 1862 396 1898 portio
420 1865 520 1901 detur,
542 1867 604 1903 jure
622 1869 792 1897 concludere
816 1869 931 1905 videor,
958 1870 981 1898 si
1005 1871 1053 1899 illa
1072 1880 1124 1908 gaz
1147 1872 1275 1907 niti-osa,
1303 1879 1426 1907 quorum
1451 1879 1505 1907 ope
1530 1869 1716 1906 quantitatem
1739 1877 1809 1905 oxy-

1764 1927 1810 1955 ge-

840 1437 852 1446 ο

327 1978 374 2004 (7)
391 1977 442 2002 Vid.
454 1979 590 2008 Ingenbomz,
604 1982 703 2005 l’crkand.
718 1989 765 2006 orer
776 1983 912 2006 uncheidm
925 1984 977 2007 Νιι.
990 1984 1145 2014 οηήηνημη,
1161 1986 1226 2009 Tom-
1241 1990 1259 2007 2.
1277 1991 1300 2012 p.
1313 1989 1444 2012 223-274·
