1960 2500
305 161 822 198 COMMENTATIO
878 157 1352 196 THEoLonA:
1537 173 1582 206 29

71 255 207 283 Praelect.
225 252 274 282 ΠΙ.
303 261 370 290 pag.
387 254 434 288 56.
483 252 576 291 Quam
601 250 858 280 conformationem
884 258 950 279 cum
973 250 1073 278 habeat
1102 249 1254 278 Zachariae
1281 258 1411 285 carmen,
1440 250 1577 279 hactenus

71 305 238 340 metricum,
267 312 318 332 seu
343 304 538 341 rhytmicum,
563 303 620 332 dici
641 309 754 351 potest3
785 311 848 331 nam
874 310 908 330 ex
929 310 979 330 sex
1003 301 1126 337 periodis
1152 308 1282 330 constare
1304 302 1431 337 videtur,
1453 309 1575 348 quarunt

72 357 201 393 singulae
220 356 249 384 in
270 355 355 384 binos
377 356 537 384 versiculos
557 354 764 390 dispertiendae
788 354 855 382 sint.
897 353 943 382 Ex
965 361 1021 388 qua
1042 352 1169 381 omnium
1188 353 1275 389 hujus
1294 352 1433 382 orationis
1449 352 1574 388 partium

71 407 284 444 compositione
307 407 399 442 ratio,
429 415 462 435 ex
483 414 542 434 mea
564 405 720 440 sententia,
743 404 892 434 manifesta
910 412 973 440 est,
1008 413 1060 432 cur
1088 404 1118 432 in
1145 403 1271 441 linguam
1295 404 1427 434 Latinam
1460 404 1580 434 aliamve

74 466 287 495 quamcumque
306 461 444 488 conversa
470 458 611 494 quandam
633 457 766 486 carminis
788 457 910 486 formam
936 455 1048 485 referat.

767 548 796 584 §.
839 556 865 584 3.

197 641 279 669 Num
299 649 417 669 carmen
438 638 610 668 Zachariae
631 638 674 667 ml
690 644 801 667 certam
821 647 855 666 ac
875 636 1024 673 definitam
1043 636 1157 666 Poc‘seos
1179 637 1320 674 antiquae
1338 637 1455 675 speciem

622 691 734 727 referri
749 691 839 729 possit
859 695 886 718 et
906 689 1030 718 debeat?
1061 698 1078 705 ··

104 766 152 798 Ad
180 765 318 798 orationis
341 768 461 798 formam
485 768 697 797 describendam
728 774 754 796 et
782 767 979 796 illustrandam
1004 766 1144 802 pertinere
1168 773 1287 801 quoque
1312 765 1426 794 videtur
1449 766 1590 802 disquisi-

67 821 128 857 tio,
149 829 219 849 num
243 821 277 849 ad
298 820 370 848 hanc
394 820 508 848 illamve
528 819 684 848 carminum
708 821 828 849 classem
853 819 1005 848 Zachariae
1027 819 1128 855 po'ema
1150 818 1187 846 sit
1214 817 1402 846 referendum.
1444 817 1587 846 Videlicet

66 872 201 902 Lowthus
222 871 345 901 carmina
365 871 512 907 Hebraea,
534 878 669 908 respectu
685 872 835 901 Po'e'tarum
851 871 1027 900 Graecorum
1048 869 1306 904 Romanorumque
1329 869 1445 904 habito,
1468 869 1497 897 in
1514 869 1589 897 clas-

67 933 113 954 ses
137 924 300 958 distribuit,
330 930 358 951 et
389 924 423 952 ad
456 924 568 960 species
592 924 690 952 retulit
720 924 898 961 singulares3
929 923 1027 958 itaque
1049 921 1145 957 quaeri
1169 926 1282 956 potest,
1313 926 1409 948 utrum
1432 920 1586 948 Zachariae

66 975 212 1004 canticum
237 975 272 1004 ad
290 983 348 1003 eam
367 975 506 1011 pertineat
530 975 670 1011 speciem,
695 983 766 1010 quae
788 974 847 1003 Ode
868 974 989 1009 dicitur,
1017 973 1050 1001 de
1075 981 1131 1008 qua
1153 971 1288 1000 Lowthtcs
1307 973 1366 1009 egit
1386 972 1586 1000 Praelcctione

66 1026 159 1055 XXV.
183 1033 211 1054 et
228 1026 321 1054 tribus
342 1026 539 1064 sequentibus,
561 1035 596 1055 an
619 1026 719 1063 potius
741 1026 771 1056 in
791 1027 959 1064 hymnorum
984 1025 1129 1061 ordinem,
1152 1025 1237 1062 cujus
1257 1024 1420 1063 χαράκωμα
1444 1023 1588 1060 explicuit

64 1077 201 1106 Praelect.
224 1077 326 1107 XXIX.
350 1077 526 1106 referendum
551 1078 600 1107 sit.
913 1084 919 1086 “

105 1127 227 1167 Etiamsi
247 1129 422 1165 probandam
445 1131 517 1159 hanc
540 1129 664 1159 carmina
680 1130 820 1160 Hebraica
835 1130 974 1160 tractandi
995 1131 1133 1160 rationem
1158 1128 1348 1165 duceremus,
1372 1130 1525 1158 Zachariae
1545 1135 1590 1158 ta·-

67 1187 133 1213 men
147 1188 258 1209 carmen
278 1181 312 1209 ad
335 1181 466 1210 Odarum
490 1191 638 1211 nnmerum
662 1191 722 1211 non
739 1183 851 1211 videtur
875 1183 1070 1218 referendu1n3
1094 1191 1193 1211 eorum
1216 1182 1310 1218 enim,
1334 1190 1406 1217 quae
1428 1181 1500 1210 Odis
1517 1189 1590 1217 pro-

64 1230 128 1267 pria
150 1238 219 1260 sunt
234 1241 266 1261 ac
286 1232 387 1269 priva,
408 1242 424 1263 a
443 1234 559 1263 Lowtlzo
583 1235 613 1263 in
636 1234 880 1271 praelectionibus
905 1234 1000 1263 citatis
1026 1232 1170 1268 indicata,
1197 1241 1298 1269 magna
1317 1240 1382 1269 pars
1405 1232 1452 1260 hic
1477 1230 1588 1260 deside-

62 1289 151 1312 ratur.
200 1283 288 1322 Hunc
319 1293 406 1321 vero,
434 1294 468 1315 ex
496 1293 595 1315 nostra
626 1286 784 1322 sententia,
814 1287 953 1315 hactenus
986 1285 1090 1313 merito
1130 1284 1282 1322 castigavit
1309 1283 1479 1320 Herderus,
1509 1283 1590 1319 quod

64 1334 191 1364 carmina
214 1335 408 1365 Hebraeorum
439 1347 505 1366 cum
526 1338 703 1367 Graecorum
731 1338 994 1373 Romanorumque
1020 1336 1201 1374 possmatibus
1229 1335 1424 1372 comparavit,
1451 1335 1589 1368 illamque

64 1392 165 1415 eorum
187 1387 360 1418 divisionem
383 1390 518 1425 admisit,
549 1399 620 1426 quae
642 1390 672 1418 in
696 1391 893 1426 pertractanda
920 1389 1003 1418 Poesi
1033 1389 1142 1417 Gmeea
1163 1397 1194 1416 ac
1219 1388 1322 1416 Latina
1350 1387 1438 1421 vulgo
1461 1383 1589 1412 adhiberi

66 1434 165 1469 5018ἵὶ
180 1446 246 1461 cum
261 1440 324 1468 aliis
344 1440 373 1469 in
386 1441 525 1477 seriptis,
541 1448 601 1470 tum
617 1443 739 1471 maxime
754 1442 784 1470 in
804 1441 944 1480 Epistolis
962 1441 995 1470 de
1015 1440 1110 1469 studio
1125 1440 1310 1476 Theologiae,
1333 1436 1433 1472 Briefe
1452 1434 1504 1464 (las
1521 1436 1593 1464 Slus

66 1485 146 1514 dium
162 1484 216 1513 der
231 1486 256 1513 T
254 1486 378 1524 heologie
399 1489 574 1528 karroffensi,
597 1494 696 1522 Erster
715 1493 820 1529 The-il,
842 1493 966 1521 Zweiter
980 1493 1039 1520 und
1055 1491 1165 1520 Dritter
1179 1490 1276 1526 Brief,
1299 1489 1349 1517 ubi
1367 1496 1434 1524 pag.
1451 1495 1497 1523 15.
1520 1487 1593 1515 hace

66 1537 129 1574 ejus
159 1537 244 1565 verba
266 1538 416 1574 leguntur:
447 1562 465 1575 „
482 1542 590 1571 Sammt
612 1545 679 1572 'und
702 1545 821 1573 sonders
842 1545 967 1581 geho‘ren
997 1544 1038 1572 sie
1061 1550 1145 1572 unter
1169 1542 1253 1571 keine
1275 1541 1366 1570 dieser
1390 1539 1510 1568 Classen
1531 1538 1591 1567 und

69 1609 87 1625 ‚,
107 1588 209 1617 Arten.
232 1605 270 1610 —-
290 1589 374 1619 Seine
396 1592 496 1621 Poesie
521 1602 580 1622 war
600 1595 681 1624 nicht
704 1596 818 1631 Kunst‚
842 1596 967 1625 sondern
986 1595 1099 1630 Natur‚
1121 1592 1348 1623 Beschaffenheit
1373 1592 1421 1620 der
1443 1590 1589 1626 Sprache,

68 1661 87 1676 „
106 1640 418 1678 Nothgedrungenheit
440 1645 489 1673 des
509 1646 651 1682 Zwecks,
673 1648 722 1676 der
739 1648 780 1675 W
782 1647 899 1684 irkung.
939 1647 1021 1683 Jedes
1039 1647 1134 1675 seiner
1149 1645 1307 1674 schonsten
1325 1643 1433 1671 stricke
1453 1642 1492 1671 ist
1516 1641 1591 1670 indi-

72 1711 90 1727 „
111 1691 241 1727 viduell‚
263 1693 322 1721 und
343 1694 458 1723 verliert
479 1697 534 1733 bey
557 1699 648 1726 dieser
661 1698 877 1727 Classification
900 1707 953 1727 ans
970 1699 1074 1727 andern
1093 1697 1193 1726 Zeiten
1215 1697 1274 1724 und
1295 1695 1423 1723 Volkern
1445 1694 1527 1728 eher,
1548 1693 1595 1721 als

70 1763 88 1778 „
109 1743 204 1771 classes
235 1744 361 1773 dadurch
388 1749 544 1783 gewonne:
576 1757 605 1777 es
634 1749 707 1778 wird
728 1759 787 1779 von
815 1751 908 1779 seiner
926 1750 1094 1786 lebendigen
1117 1749 1292 1786 Gegcnwart
1320 1755 1358 1774 zu
1386 1745 1461 1773 einer
1483 1744 1593 1773 XVolke¹

69 1816 87 1830 „
108 1795 157 1824 des
187 1796 406 1831 seynsollenden
441 1798 640 1828 Geschmacks
666 1801 894 1830 verdiinnnert.,”
946 1801 1012 1838 Ipse
1036 1801 1189 1835 Lembos,
1216 1799 1352 1827 Praelect.
1377 1796 1416 1824 V.
1446 1804 1513 1832 pag.
1539 1797 1590 1824 88.

66 1846 266 1875 Hebraeorum
287 1848 393 1884 oculis,
415 1849 532 1886 inquit,
553 1853 697 1881 cernenda
721 1859 787 1891 sunt
811 1855 926 1888 onmia,
950 1863 1048 1882 eornm
1069 1851 1247 1890 opinionibus
1268 1850 1363 1877 omnia
1389 1847 1592 1882 aestimanda,

66 1898 151 1937 idque
171 1898 352 1935 enitendum,
375 1907 407 1929 ut
427 1901 565 1931 Hebraea
584 1910 724 1942 tanquam
743 1904 873 1933 Hebraei
893 1906 1035 1943 legamus.

103 1951 203 1988 Itaque
233 1952 312 1981 omni
342 1953 430 1990 hujus
454 1955 588 1984 carminis
614 1966 679 1985 cum
705 1957 883 1987 Graecorum
909 1957 1168 1991 Romanorumque
1193 1952 1375 1990 poematibus
1399 1951 1486 1973 “1185ss
1511 1954 1590 1975 com-

69 2002 228 2038 paratione,
249 2003 334 2034 titulo
356 2005 430 2035 iliud
449 2006 657 2037 Eucharislici
675 2009 794 2039 Cantici
812 2009 953 2044 insignire
973 2008 1128 2037 1nalum=¹=-
1172 1997 1281 2034 Hymni
1302 2004 1420 2032 qUOqUQ
1439 2005 1543 2026 nomen
1564 1998 1590 2027 ei

840 2053 868 2081 l)
892 2061 907 2087 3
1544 2048 1598 2077 be«-
