1940 2474
215 178 255 216 52
566 170 936 206 ABRAHAMI
992 171 1391 209 'CA‘P'An-oic'n·

850 256 1087 304 VE-NENA·

251 362 336 392 Licet
356 371 549 399 venenorum,
572 364 672 392 saltem
693 364 920 400 nonnullorum,
938 364 1014 394 actio
1031 364 1150 395 omnino
1171 365 1308 395 Chemica
1330 372 1395 395 esse
1414 366 1508 403 prima⁴
1522 366 1620 396 fronte
1641 367 1738 398 videa·

214 420 280 450 tur,
303 421 330 443 et
348 416 445 444 revera
467 415 510 444 illi
535 415 657 444 maxime
680 416 798 452 analoga
819 415 874 451 sit,
895 421 989 445 tamen
1014 424 1029 444 e
1052 417 1223 454 Dynamicis
1245 417 1358 454 legibus
1381 418 1518 454 explicari
1538 413 1646 455 potest.

250 466 318 494 Huc
344 473 475 502 spectant
495 467 650 503 praecipue
671 475 778 496 venena
799 467 932 504 corporis
956 468 1118 504 superficiei
1140 469 1272 498 externae
1292 469 1435 506 applicata
1456 470 1548 507 (haec
1569 471 1643 499 enim
1659 474 1728 508 prae

210 517 311 546 ceteris
327 517 473 546 Chemicis
493 518 587 548 favere
609 519 766 556 videntur)
788 519 830 548 uti
856 525 925 548 sunt
945 519 1058 549 acidum
1084 521 1288 557 sulphuricum
1315 519 1549 558 concentr'atum‚
1571 522 1661 552 nitras
1675 515 1741 551 ἴαν-’ἶ

211 568 306 605 genti,
319 561 456 605 aliaque,
477 579 599 606 quorum
618 570 782 599 Chemicam
803 571 946 600 actionem
967 580 1058 608 supra
1078 573 1191 602 relatam
1217 573 1349 610 sequenti
1371 573 1481 602 ratione
1504 572 1627 602 refutare
1648 573 1727 602 licet.

210 619 354 649 ponamus
379 620 466 649 hasce
494 621 671 651 substantias
692 629 748 651 tam
773 622 891 653 inimico
911 623 942 652 in
961 623 1021 653 vim
1044 623 1157 653 vitalem
1185 625 1292 662 partis,
1316 624 1363 653 cui
1385 624 1587 661 applicantur,
1613 625 1736 661 gaudere

208 671 347 708 stimulo,
378 679 410 701 ut
430 672 490 702 cito
513 673 602 703 citius
626 674 703 703 illam
734 675 858 711 plenarie
881 675 1004 712 tollant3
1034 676 1090 704 hoc
1111 675 1214 713 posito
1241 684 1318 706 nunc
1340 677 1454 705 demum
1480 676 1637 705 Chemic'ne
1650 677 1732 712 leges

207 728 290 759 agere
308 723 472 760 incipiunt,
493 725 576 762 cujus
599 725 722 755 actionis
743 726 861 755 effectus
884 733 943 763 est,
962 728 1043 764 quod
1052 728 1110 765 jam
1124 734 1238 757 mortua
1258 737 1342 765 pars,
1361 737 1439 758 nunc
1456 736 1490 757 ex
1505 729 1582 757 novi
1591 720 1737 757 Chemicst

208 774 424 810 compositione
445 775 612 812 inorganica
634 777 740 806 reddita
752 799 762 813 ‚
785 787 800 807 a
818 778 887 807 vivo
903 779 1040 816 organico
1058 788 1179 816 corpore
1200 789 1357 817 separetur.
1398 781 1475 810 Hinc
1494 779 1631 826 formatio
1650 779 1742 810 crus-⁴

209 829 254 853 tae
276 825 374 862 nigrae
399 827 444 855 vel
476 827 624 856 eschai-ae:
659 828 736 856 Idem
765 829 983 864 phaenomenon
1015 831 1184 860 observatur
1213 833 1244 861 in
1265 831 1482 861 combustione.
1526 832 1589 869 Jam
1618 830 1687 860 v'ero
1714 831 1739 860 Ξ

210 877 351 905 contraria
371 878 453 914 plane
474 879 558 906 causa
586 879 744 907 secundum
768 879 969 909 Pneumaticos
998 880 1074 909 idem
1097 889 1261 911 nasceretur
1280 883 1417 912 effectus.·
1438 894 1442 897 ·
1462 883 1608 912 Formatio
1629 889 1739 919 nempe·

210 933 324 956 crustae
341 928 376 957 ab
397 929 543 965 applicato
569 930 651 959 acido
676 931 847 966 sulphurico
872 931 949 960 foret
970 933 1095 968 sequela·
1108 934 1242 971 oxygenii
1267 935 1368 972 majori
1391 934 1476 972 copia
1498 933 1600 962 tributi
1624 941 1731 969 corpo-

207 976 250 1014 ri,
270 979 339 1008 dum
362 980 487 1017 eJusdem
512 983 625 1010 crustae
641 980 778 1011 formatio
803 982 834 1012 in
858 983 1062 1013 combustione
1089 986 1209 1021 pendere
1235 993 1311 1027 certe
1334 986 1447 1015 deberet
1469 995 1485 1014 a
1507 984 1641 1014 detracto
1658 989 1742 1020 oxy·’

208 1029 305 1066 genio.
345 1031 498 1068 Dynamici
523 1041 592 1062 vero
616 1032 645 1062 in
668 1039 792 1070 utroque
812 1042 881 1063 casu
904 1033 1022 1064 unicum
1051 1044 1148 1065 casum
1172 1043 1326 1074 asumunt‚
1348 1037 1414 1066 vis
1421 1036 1516 1066 vitalis
1541 1043 1651 1094 nempe
1660 1036 1743 1065 cou'·

207 1081 381 1112 sumtionem
404 1092 420 1113 a
443 1083 534 1113 nimio
555 1084 686 1114 stimulo.
1690 1093 1693 1099 ’

246 1132 355 1163 Eadem
386 1135 542 1173 explicatio
570 1135 677 1165 valebit
704 1136 735 1166 in
761 1136 934 1167 refutatione
956 1137 1113 1168 Chemicae
1143 1139 1266 1169 actionis
1293 1148 1469 1169 venenorum
1504 1139 1741 1170 metallicorum.·

206 1182 250 1213 Ita
265 1185 381 1221 quidem
404 1193 456 1224 ut,
479 1188 582 1225 siquae
602 1188 833 1218 combinationes
844 1197 941 1219 novae
962 1189 1117 1220 Chemicae
1141 1192 1237 1220 locum
1254 1192 1394 1227 habeant,
1417 1192 1469 1221 hae
1492 1200 1606 1228 semper
1619 1192 1677 1220 vis
1684 1190 1743 1221 vi·-

206 1235 275 1265 talis
294 1238 434 1274 jacturam
464 1239 611 1269 insecutae
637 1240 716 1276 sint,
742 1241 793 1269 sed
816 1249 847 1269 ea
872 1241 1027 1277 superstite
1052 1250 1211 1279 numquam
1241 1243 1442 1273 observentur.
1496 1243 1640 1280 Exemplo
1668 1250 1728 1272 rem

202 1284 347 1317 illustrare
369 1291 507 1320 conabor.
548 1292 692 1321 Ponamus
715 1286 834 1329 nempe,
854 1293 1015 1322 arsenicum
1041 1293 1135 1323 album
1160 1299 1223 1323 esse
1238 1292 1427 1338 inglutitum;
1450 1303 1485 1324 ex
1505 1294 1639 1324 affinitate
1653 1284 1745 1322 Chea'·

206 1336 280 1366 mica
300 1339 510 1377 principiorum
533 1344 666 1380 corporis
687 1343 817 1373 animahs
845 1340 871 1372 e't
893 1345 1028 1381 oxygonii
1050 1345 1188 1381 arsenici‚
1210 1352 1304 1382 partes
1329 1346 1479 1389 organicae
1489 1353 1644 1389 conantur
1657 1343 1747 1373 con-³

204 1388 288 1418 tinue
305 1389 362 1419 sibi
384 1392 522 1422 attrahere
548 1394 736 1430 oxygonium.
778 1395 833 1423 Sed
855 1395 901 1432 vis
923 1396 1017 1424 vitalis
1041 1396 1179 1432 impedit,
1202 1396 1360 1432 quominus
1383 1395 1450 1426 haec
1471 1397 1541 1426 unio
1560 1398 1657 1425 locum
1679 1395 1729 1425 ha·

208 1440 285 1470 bear.
334 1443 413 1472 Ilinc
440 1452 474 1473 ex
499 1444 549 1474 illa
579 1447 677 1483 pugna
700 1446 784 1482 quasi
813 1447 909 1483 gravia
937 1454 1131 1484 symptomata
1161 1447 1314 1482 oriuntur,
1343 1455 1416 1483 quae
1442 1447 1613 1484 plerumque
1644 1445 1729 1484 signa

205 1492 339 1525 veneficii
359 1494 513 1532 dicuntur,
543 1497 610 1539 licet
631 1499 726 1526 revera
749 1498 919 1527 veneficium
939 1500 1068 1528 nondum
1092 1499 1230 1529 obtineat.
1276 1499 1338 1537 Jam
1359 1507 1427 1529 vero
1441 1499 1492 1527 tali
1512 1498 1543 1528 in
1565 1504 1644 1527 statu
1665 1505 1729 1527 ver·

203 1549 287 1572 satur
307 1553 437 1582 corpus,
460 1554 494 1576 ut
512 1547 572 1576 cito
596 1547 684 1577 citius
703 1549 864 1585 praecaveri
886 1548 984 1578 debeat
1000 1549 1045 1580 vis
1064 1550 1160 1579 vitalis
1179 1551 1305 1587 plenaria
1324 1550 1511 1591 consumtio‚
1536 1551 1665 1586 adeoque
1684 1548 1730 1586 ip·

203 1601 271 1623 sum
294 1597 476 1628 veneficium.
522 1592 755 1629 Praescribafimr
775 1609 842 1637 ergo
861 1601 928 1631 talia
950 1602 1089 1639 remedia,
1117 1611 1190 1639 quae
1210 1603 1340 1632 tollendo
1365 1598 1592 1638 malr'causam,
1615 1601 1660 1631 vel
1683 1600 1742 1630 in-·

205 1643 359 1683 fringendo
384 1650 536 1678 adversarii
560 1653 657 1687 vires,
686 1651 837 1688 pristinam
866 1654 1015 1683 sanitatem
1040 1662 1092 1694 per
1111 1655 1227 1684 relative
1247 1655 1393 1684 adauctam
1420 1655 1478 1684 vim
1503 1654 1619 1684 vitalem
1646 1652 1728 1682 resti-

205 1700 301 1725 tuant.
350 1698 398 1727 Sic
424 1699 454 1728 in
475 1707 577 1730 nostro
599 1710 669 1731 casu
685 1703 789 1731 dentur
804 1704 942 1734 martialia
964 1711 1111 1741 tamquam
1136 1706 1315 1742 antidotum,
1339 1707 1418 1742 quod
1437 1713 1559 1736 attracto
1583 1703 1726 1741 oxygenio

204 1754 322 1777 causam
342 1751 509 1780 certaminis
528 1753 625 1789 tollit,
648 1759 676 1782 et
695 1754 925 1791 languescentem
945 1756 1004 1786 vim
1029 1757 1164 1794 vitalem,
1186 1766 1259 1794 quae
1278 1758 1336 1796 jam
1354 1757 1384 1787 in
1402 1766 1436 1787 eo
1458 1764 1516 1787 erat
1539 1762 1573 1786 ut
1594 1757 1724 1792 cederet,

203 1798 300 1828 denuo
323 1801 427 1831 excitat
451 1803 656 1840 sanitatemque
676 1812 825 1835 restaurat.

244 1849 276 1879 Si
302 1860 370 1881 vero
396 1854 431 1882 ad
457 1853 575 1884 effectus
601 1865 616 1885 a
637 1857 756 1886 venenis
780 1858 951 1889 animalibus
983 1860 1143 1897 productos
1173 1861 1298 1890 animum
1328 1861 1526 1896 attendamus,
1554 1867 1624 1889 tunc
1657 1867 1726 1889 sane

206 1898 311 1930 horum
336 1904 475 1934 actionem
493 1914 577 1935 nemo
602 1917 655 1944 pro
681 1909 821 1939 Chemico
845 1919 987 1946 processu
1012 1912 1114 1941 habere
1133 1919 1252 1949 potest3
1284 1912 1419 1949 quoniam
1445 1920 1478 1940 ex
1499 1910 1584 1940 nobis
1607 1911 1726 1946 cognita

207 1952 329 1983 Chemia
351 1964 408 1986 non
428 1959 570 1988 sufficiens
595 1961 667 1990 ratio
691 1962 749 1997 peti
781 1969 900 1999 potest,
928 1965 963 1992 ad
986 1963 1182 2000 phaenomena
1205 1963 1262 1993 illis
1287 1964 1317 1992 in
1346 1963 1462 1991 casibus
1490 1970 1552 1990 sese
1579 1960 1726 1990 offerentia

208 2005 387 2042 explicanda.
427 2009 579 2040 Sumamus
605 2018 638 2041 ut
662 2014 828 2050 exemplum
857 2015 1017 2046 horrendos
1046 2015 1166 2046 effectus
1191 2024 1208 2045 a
1233 2022 1330 2044 morsu
1354 2013 1482 2043 animalis
1510 2012 1620 2049 rabidi,
1645 2011 1725 2040 canis

1642 2071 1672 2092 v.
1694 2070 1725 2100 g.

1920 1860 1924 1870 -
1919 1830 1925 1838 ι
1920 1803 1927 1812 ;
1910 1694 1930 1785 -.ἑ-ὼ
1911 1633 1931 1698 ’ἐι-Ἰ
