1940 2474
365 156 924 194 COMMENTATIO
979 154 1388 192 LITERARIA&
1604 167 1632 203 '9

121 249 332 290 Eloqu'entt'ae;
361 249 431 285 qui,
461 256 544 285 quem
561 248 674 276 tandem
694 246 794 275 habeat
814 253 977 282 auctorem,
1005 247 1039 275 ab
1064 247 1200 283 elegantia
1222 253 1312 283 certe,
1341 246 1498 281 suavitate,
1520 247 1626 276 oratio-

121 303 226 338 nisque
246 301 374 330 bonitate
394 308 523 336 magnam
549 298 634 327 habet
654 298 946 333 commendationem,
975 305 1002 326 et
1020 306 1084 326 cum
1108 299 1142 326 de
1163 299 1341 334 eloquentiae
1361 298 1535 334 aliarumque
1557 306 1623 328 cum

117 362 150 382 ea
168 353 384 390 conjunctarum
405 351 619 388 disciplinarum
641 349 729 384 fatis,
751 355 811 377 tum
835 350 868 378 de
892 350 982 386 ipsius
999 350 1133 378 colendae
1149 349 1272 384 ratione,
1293 350 1431 386 ejusque,
1453 358 1484 378 ac
1500 350 1622 379 Poeseos

119 404 231 433 diversa
251 410 351 433 natura
372 410 458 439 atque
482 403 592 437 indole,
620 402 711 429 multa
731 401 839 437 egregia
859 409 890 429 ac
916 401 1054 437 praeclara
1074 399 1220 429 continet}
1249 401 1282 428 de
1304 401 1509 430 Grammatica
1530 408 1623 430 autem

119 462 148 483 et
167 455 325 483 Rhetorica
347 454 504 491 peculiares
534 453 669 481 habemus
697 453 827 481 Suetonii
848 452 973 486 libellos,
1003 460 1126 487 quorum
1148 458 1239 480 tamen
1263 453 1331 481 alter
1350 461 1409 481 non
1432 453 1489 481 nisi
1511 453 1627 482 dimidia

119 506 178 534 fere
197 512 276 542 parte
291 505 412 533 mutilus
436 505 471 533 ad
488 513 542 533 nos
565 503 704 541 pervenit.
744 504 892 532 Postremo
907 504 1078 532 memorandi
1095 510 1181 539 sunt,
1203 503 1273 539 qui,
1293 503 1354 532 sive
1374 512 1471 532 ornnes
1496 504 1627 533 universe

120 557 251 592 Literas,
279 557 341 585 sive
366 557 509 592 quoddam
538 561 697 592 separatum
719 555 864 583 doctrinae
889 563 978 591 genus
1005 555 1164 589 tradentes,
1193 563 1252 591 quo
1278 555 1445 591 diligentius
1471 556 1522 584 hac
1546 556 1576 584 in
1600 563 1629 583 re

119 615 316 643 versarentur,
339 607 427 636 simul
449 615 544 636 earum
564 606 622 635 fata
641 612 823 641 enarrarunt,
845 600 918 634 certe
939 605 1104 642 attigerunt.
1147 606 1238 644 Quem
1262 607 1290 634 in
1311 615 1461 635 numerum
1481 606 1510 634 in
1527 606 1627 642 primis

119 659 283 688 referendus
305 666 349 688 est
368 660 484 694 Cicero,
508 659 558 694 qui
577 658 608 687 in
625 658 745 695 egregiis
768 657 892 694 Operum
913 657 1186 692 philosophicorum
1212 664 1239 685 et
1262 657 1484 686 Rhetoricorum
1504 658 1627 686 exordiis

118 710 193 739 illud
215 711 384 747 plerumque
404 710 478 747 egit,
508 717 541 738 ut
562 711 596 738 de
624 709 779 746 patriarum
805 708 965 736 Literarum
994 707 1113 736 historia
1141 708 1293 737 utilissima
1322 717 1452 744 quaeque
1474 715 1502 736 et
1526 709 1631 745 jucun-

121 763 239 791 dissima
267 762 418 790 delibaret:
449 769 621 797 quamquam
651 760 676 788 is
707 759 822 795 quidem
850 767 1076 794 nonnunquam,
1107 759 1191 788 nimis
1214 767 1332 788 suorum
1358 767 1454 788 amore
1476 760 1630 796 abreptus,

121 813 367 850 magnificentius,
393 821 479 848 quam
505 820 556 848 par
575 817 669 847 esset,
698 811 733 839 de
752 819 850 839 eorum
875 810 1000 845 meritis,
1032 812 1065 839 de
1086 811 1205 840 Graecis
1230 817 1327 840 contra
1349 811 1446 839 minus
1471 812 1630 840 honorifice

119 864 251 893 senserit.
298 863 375 891 Tum
400 864 559 898 Horatius,
586 863 657 898 qui,
682 871 747 890 cum
771 863 800 890 in
828 862 992 898 Epistolis,
1015 863 1134 891 maxime
1153 862 1234 890 Libri
1258 863 1295 890 ΙΙ.
1322 863 1380 898 Ep.
1403 871 1428 890 1.
1458 869 1484 890 et
1510 863 1539 891 in
1563 864 1633 891 Arte

118 915 233 944 Poetica
259 916 379 951 poeseos
404 922 554 951 praecepta
580 915 715 949 traderet,
746 915 871 951 ejusdem
903 914 981 942 initia
1009 923 1040 943 ae
1070 923 1240 951 progressus
1267 914 1382 949 retulit,
1406 921 1433 942 et
1461 914 1632 950 praecipuos

121 973 252 994 auctores
280 974 345 994 cum
372 966 499 994 Graecos
525 973 588 994 tum
617 966 764 994 Romanos
795 965 910 1002 saepius
937 965 1108 1000 celebravit,
1136 966 1356 1000 eorumdemque
1382 974 1529 994 censuram
1555 965 1632 1002 egit3

122 1018 203 1053 quod
223 1023 250 1045 et
271 1017 301 1045 in
324 1017 423 1046 Satiris
445 1017 594 1046 nonnullis
614 1016 700 1052 fecit,
724 1017 812 1045 veluti
833 1017 918 1045 Satir.
936 1017 968 1052 I,
985 1026 1003 1053 4
1022 1023 1047 1044 et
1070 1026 1123 1052 ιο,
1143 1017 1193 1044 uhi
1210 1023 1237 1044 et
1254 1016 1324 1045 alios
1347 1023 1373 1044 et
1394 1016 1424 1044 in
1445 1016 1546 1052 primis
1567 1017 1628 1045 Lu-

120 1068 219 1097 cilium
240 1069 363 1097 notavit.
411 1069 500 1098 Porro
521 1070 645 1104 Seneca,
676 1068 744 1104 qui,
767 1077 833 1096 cum
859 1068 888 1097 in
903 1068 1022 1104 reliquis
1043 1068 1076 1096 de
1093 1067 1280 1103 Philosophia
1305 1067 1404 1103 libris,
1435 1073 1496 1096 tum
1515 1068 1635 1104 potissi-

122 1128 200 1148 mum
226 1121 256 1148 in
280 1119 444 1156 Epistolis,
465 1121 590 1158 plurima
611 1120 719 1156 passim
742 1119 941 1157 interspersit,
965 1119 1072 1155 quibus
1090 1119 1332 1155 praestantissima
1357 1127 1424 1148 suae
1437 1120 1535 1149 aetatis
1557 1120 1634 1156 inge-

119 1171 168 1200 nia
190 1171 358 1206 celebraret,
380 1181 432 1200 nec
456 1172 658 1208 philosophiae
680 1179 811 1206 tantum,
839 1172 889 1200 sed
912 1178 940 1199 et
961 1170 1077 1199 aliarum
1104 1171 1340 1207 disciplinarum,
1372 1171 1466 1206 qualis
1488 1171 1574 1199 fuerit
1598 1180 1632 1200 eo

120 1229 248 1259 tempore
269 1223 413 1258 conditio,
435 1224 596 1252 declararet.
642 1223 774 1259 Denique
795 1223 850 1250 huc
870 1222 992 1258 pertinet
1016 1222 1253 1259 Quinctilianus,
1283 1222 1354 1258 qui,
1382 1222 1411 1251 in
1435 1223 1555 1259 egregiis
1576 1223 1634 1251 illis

120 1273 337 1302 Institutionum
365 1275 575 1303 Oratoriarasm
597 1275 699 1310 libris,
725 1275 838 1303 eandem
856 1273 991 1302 rationem
1013 1282 1079 1302 cum
1100 1273 1168 1302 alibi
1187 1273 1294 1310 passim
1316 1273 1424 1308 tenuit,
1446 1280 1509 1302 tum
1527 1273 1556 1302 in
1577 1274 1640 1310 pri·

121 1325 175 1359 mis
195 1326 261 1353 loco
277 1325 420 1360 classico,
441 1326 486 1360 X,
510 1334 539 1353 1:
565 1334 624 1360 quo
645 1334 712 1353 cum
733 1331 905 1361 exponeret,
928 1332 1067 1360 quantum
1089 1325 1196 1353 oratori
1221 1324 1317 1353 afferat
1338 1324 1470 1354 utilitatis
1488 1325 1633 1355 bonorum

119 1376 295 1412 scriptorum
318 1376 423 1411 lectio,
446 1383 533 1412 atque
555 1376 678 1405 indicare
698 1377 803 1411 vellet,
826 1376 943 1412 quinam
963 1383 1058 1405 essent
1081 1376 1107 1405 ei
1133 1377 1254 1405 maxime
1277 1377 1404 1414 legendi,
1427 1385 1492 1405 cum
1511 1377 1637 1407 Graeco-

120 1436 185 1456 rum
207 1434 269 1455 tum
293 1427 463 1455 Latinorum
486 1428 657 1462 Poetarum,
683 1428 919 1462 Historicorum,
949 1428 1123 1463 Oratorum,
1149 1427 1412 1463 Philosophorum,
1433 1429 1638 1459 excellentissi-

121 1487 185 1507 mos
209 1486 343 1514 quosque
363 1484 391 1506 et
419 1478 567 1513 optimos,
595 1479 660 1507 inde
684 1479 718 1506 ab
739 1479 886 1513 Homero,
914 1487 929 1507 a
955 1487 1014 1514 quo
1037 1478 1079 1506 illi
1105 1487 1204 1507 omnes
1225 1479 1384 1513 fluxerant,
1412 1487 1508 1514 usque
1528 1481 1563 1508 ad
1582 1490 1635 1510 sua

124 1538 254 1566 tempora
275 1535 443 1565 persecutus
477 1535 538 1564 est,
568 1535 614 1563 et,
642 1538 700 1565 quo
725 1536 782 1558 erat
803 1529 939 1558 acerrimo
959 1530 1074 1565 pulchri
1096 1529 1272 1565 venustique
1294 1538 1399 1564 sensu,
1425 1537 1510 1565 atque
1533 1532 1636 1561 eximia

121 1581 269 1618 judicandi
292 1579 447 1614 facultate,
472 1587 569 1607 eorum
593 1580 689 1608 laudes
712 1581 894 1616 virtutesque
915 1582 1054 1617 eleganter
1074 1587 1102 1609 et
1116 1581 1241 1610 oratorio
1255 1581 1339 1618 plane
1362 1582 1448 1610 modo
1461 1583 1635 1620 celebravit,

125 1633 176 1661 secl
201 1631 304 1668 pariter
324 1631 394 1660 vitia
413 1639 479 1659 vere
499 1637 585 1665 atque
608 1631 729 1668 ingenue
749 1633 959 1661 animadvertit.

134 1710 137 1712 .
160 1683 258 1718 Atque
274 1683 342 1711 haec
364 1683 398 1711 de
419 1682 618 1718 Scriptoribus
635 1682 777 1718 antiquis.‘
819 1684 921 1712 Almo
944 1684 1009 1713 loco
1031 1685 1179 1720 ponendae
1204 1690 1272 1713 sunt
1291 1685 1447 1714 nonnullae
1466 1685 1641 1726 Inscriptio-²

125 1744 192 1770 nes,
213 1734 353 1768 Nummi,
376 1733 487 1769 aliaque
504 1733 590 1770 hujus
607 1734 715 1769 generis
729 1741 929 1763 monumenta:
951 1743 1038 1771 quae,
1056 1742 1089 1764 ut
1106 1745 1155 1772 per
1167 1745 1197 1765 se
1214 1736 1380 1772 scriptionis
1400 1745 1485 1765 usum
1504 1740 1642 1768 modum-'

125 1794 181 1822 que
201 1785 374 1820 ostendunt,
397 1785 434 1813 ira
459 1781 598 1813 clarorum
622 1785 791 1826 Poetarum,
816 1786 994 1822 Oratorum,
1018 1787 1283 1824 Philosophorum,
1308 1788 1490 1824 aliorumque
1505 1790 1540 1818 de
1555 1791 1638 1819 Lite-

126 1837 165 1866 ris
187 1836 258 1864 benc
281 1835 444 1864 meritorum
477 1836 625 1865 hominum
657 1845 827 1873 servarunt,
852 1838 1033 1873 memoriam,
1064 1840 1108 1867 vel
1128 1847 1300 1875 quacunque
1323 1840 1433 1868 tandem
1454 1840 1506 1869 alia
1528 1842 1643 1872 ratione

126 1887 285 1917 Literaruin
308 1886 444 1915 historiae
467 1887 589 1922 aliquam
611 1889 701 1916 lucem
731 1889 894 1918 affundunt.
941 1890 1048 1926 Magna
1075 1890 1129 1919 fuit
1154 1891 1183 1918 in
1210 1890 1244 1918 iis
1268 1890 1455 1927 colligendis,
1476 1892 1637 1922 describen-

127 1939 193 1973 dis,
222 1938 414 1973 delineandis,
443 1938 638 1974 illustrandis,
668 1941 823 1969 multorum
851 1941 978 1969 virorum
1009 1942 1160 1970 doctorum
1184 1942 1340 1977 industria,
1371 1950 1492 1978 quorum
1521 1945 1637 1974 nomina

129 1989 286 2026 quominus
312 1989 366 2018 hoc
392 1989 458 2019 loco
480 1989 653 2026 referamus,
676 1990 745 2020 facit
763 1992 909 2029 diligentia
923 1992 1044 2022 Ernesti
1057 1994 1094 2023 V.
1112 1994 1155 2022 Cl.
1175 1993 1225 2029 qui
1245 1994 1274 2022 iu
1288 1993 1502 2031 Archacologia
1517 1995 1645 2024 Lites-a:

945 2044 966 2072 B
1589 2049 1638 2076 ria
