1940 2474
280 159 301 191 8
636 159 1009 192 'ABRAHAMI
1061 160 1438 197 CAPADOCE

282 251 419 282 gumento
442 246 583 275 contraria
603 254 665 274 esse
685 247 827 277 videntur.
870 247 946 276 Cum
971 255 1037 284 ergo
1062 247 1133 275 mihi
1151 248 1264 284 quidem
1288 257 1346 278 non
1375 250 1501 286 aequalis
1524 250 1696 287 argumentis
1720 260 1792 289 pro-

281 297 347 324 latis
369 297 404 325 ad
420 305 532 326 causam
555 297 633 326 illam
650 298 826 334 probandam
852 299 945 328 inesse
966 298 1096 329 videatur
1115 299 1179 335 vis,
1209 300 1314 329 nemini
1335 301 1477 330 videbitur
1498 301 1620 336 mirum,
1645 311 1689 331 me
1709 303 1789 332 aliud

278 355 477 384 argumentum
508 356 570 378 esse
596 349 782 385 probaturum
797 370 808 385 ,
836 349 914 379 aliud
937 349 967 379 in
990 352 1085 380 eadem
1113 353 1199 381 causa
1224 352 1340 380 allatum
1369 361 1432 381 esse
1454 352 1670 382 infirmaturum.
1714 355 1789 383 Sunt

280 398 348 426 haee
368 405 533 435 argumenta
555 399 714 435 sequentia.

317 450 527 486 Argumentum
558 450 698 479 Primum.
747 451 881 488 Affinitas
910 452 1044 482 Chcmt‘ca
1058 474 1069 489 ‚
1099 460 1130 482 ut
1151 455 1301 492 pertinens
1329 453 1371 482 ad
1394 456 1541 482 essentiam
1571 457 1787 493 principiorum

278 506 429 537 naturae,
457 502 559 539 quibus
580 509 703 540 corpora
722 505 790 533 viva
814 513 870 531 non
893 504 983 532 aliter
1002 514 1037 533 ac
1060 514 1114 533 non
1139 507 1207 536 νὶνα
1222 511 1451 543 componuntur,
1479 516 1533 534 non
1555 512 1648 544 polest
1677 505 1769 535 deleri
1777 527 1788 542 ,

279 551 419 589 quamdiu
437 553 589 590 principia
612 553 668 581 illa
688 555 825 583 existunt.

316 602 405 641 Quod
428 603 452 631 si
474 600 567 633 autem'
589 604 657 633 haee
679 602 798 634 affinitas
825 606 962 636 Chemica
989 615 1047 636 non
1070 607 1213 643 deleatur,
1238 607 1352 637 videtur
1375 616 1485 644 semper
1507 615 1644 644 actuosa,
1673 608 1789 644 quoties

278 654 307 682 in
328 655 545 690 opportunitate
565 657 597 684 est
621 663 770 685 versantur
795 658 969 692 moIecuIae,
999 667 1070 693 quae
1100 658 1233 687 effectum
1265 659 1446 688 determinat:
1470 660 1524 688 hoc
1546 659 1665 695 posito,
1686 660 1712 688 si
1733 660 1787 688 tria

282 705 341 733 sitit
362 705 504 742 principia
526 707 564 735 A.
575 707 617 750 ¹13.
634 708 693 743 C.‚
715 708 787 736 inter
804 717 875 744 quae
896 717 927 737 ea
940 716 982 738 est
1002 709 1145 738 affinitatis
1166 710 1256 746 ratio,
1275 717 1309 738 ut
1331 711 1369 739 A.
1388 710 1495 739 fortius
1517 710 1553 738 B.
1568 711 1683 739 trahens
1698 719 1784 746 quam

280 756 337 792 C.‚
360 765 425 785 cum
449 757 484 785 B.
502 757 580 786 coire
605 766 742 795 cogatur,
763 768 821 788 non
841 760 946 796 poterit
971 760 1042 796 quin
1058 769 1152 790 revera
1178 768 1296 797 coeant,
1321 770 1372 790 nec
1391 761 1461 790 unio
1486 761 1558 791 inter
1575 762 1612 790 A.
1633 768 1659 790 et
1682 762 1720 791 C.
1743 763 1790 791 vel

277 807 312 835 E.
332 814 359 835 et
381 807 419 836 C.
443 809 540 836 locum
557 809 674 840 habeat:
696 810 721 838 si
742 810 816 839 enim
840 813 910 840 tales
934 812 1054 841 uniones
1076 812 1193 848 fierent,
1219 813 1331 842 deberet
1355 821 1466 842 cessare
1489 813 1608 842 affinitas
1633 812 1789 849 Chemica‚

279 866 351 894 quae
376 865 409 885 ut
430 859 539 888 dictum
556 866 599 887 est
620 860 706 888 deleri
728 861 839 896 nequit.

317 910 528 946 Argumentum
547 911 715 941 secundum.
758 912 989 950 Compositioncm
1013 923 1115 944 novam
1147 916 1316 952 organicam
1339 915 1572 952 qualemcumque
1592 924 1628 944 ex
1651 915 1790 947 Chcmicis

278 960 387 998 legibus
410 963 523 999 egregie
541 969 621 999 posse
636 963 782 1000 intelligi,
813 970 970 993 mstumant
990 965 1147 1001 Theoriae,
1177 965 1212 994 de
1231 975 1289 1004 qua
1312 967 1433 1003 agitur,
1455 966 1603 1002 fautores.
1643 965 1789 994 Pertinent

278 1011 367 1048 igitur
393 1013 451 1041 huc
477 1015 659 1050 regeneratio
677 1015 799 1051 proprio
822 1014 902 1043 dicta
928 1022 955 1044 et
978 1018 1102 1044 nutritio
1118 1037 1128 1052 ‚
1157 1025 1229 1052 quae
1259 1024 1318 1045 non
1343 1023 1387 1045 est
1416 1016 1472 1045 nisi
1500 1016 1665 1046 continuata
1693 1024 1790 1053 repro-

278 1063 390 1092 ductio.
431 1064 589 1099 sequentes
610 1064 752 1093 sectiones
776 1065 849 1094 hanc
869 1066 964 1095 thesin
987 1067 1126 1096 infirmare
1149 1067 1294 1097 videntur.

316 1114 340 1143 I.
371 1115 474 1143 Sectio.
521 1115 599 1144 Dum
625 1116 729 1144 creatio
755 1125 911 1153 corporum
943 1118 1142 1155 organicorum
1172 1127 1206 1148 ex
1237 1119 1299 1147 suis
1325 1117 1476 1155 principiis
1502 1126 1519 1146 a
1542 1117 1644 1147 multis
1670 1117 1790 1147 refertur

278 1166 313 1193 ad
340 1165 601 1203 Crystallisationis
634 1166 757 1203 speciem
781 1169 869 1206 (1),
899 1168 967 1197 hinc
993 1171 1148 1206 petendum
1173 1170 1288 1199 videtur
1315 1169 1399 1199 etiam
1422 1175 1621 1207 argumentum
1645 1177 1698 1206 pro
1726 1177 1791 1198 sen-

278 1216 366 1245 tentia
387 1218 421 1245 de
451 1227 507 1253 qua
531 1218 646 1254 agitur,
675 1220 755 1254 quod
777 1219 993 1256 Crystallisatio
1017 1221 1236 1258 qualiscumque
1259 1221 1343 1251 unice
1366 1230 1399 1251 ex
1426 1221 1559 1251 affinitate
1586 1220 1724 1250 Chemica
1747 1219 1790 1249 in-

278 1267 434 1304 telligatur.
476 1269 670 1298 Observantes
700 1270 818 1306 Physici
838 1271 920 1307 quasi
949 1273 984 1300 ad
1011 1273 1127 1301 oculum
1151 1273 1283 1310 organica
1304 1282 1338 1302 ex
1361 1273 1534 1310 inorganicis
1564 1271 1658 1307 strui,
1685 1272 1793 1300 latente

278 1319 394 1354 penitus
415 1321 522 1355 modo,
546 1329 605 1356 quo
622 1321 677 1349 hoc
692 1320 756 1356 fiat,
778 1321 817 1349 ita
836 1328 868 1349 ut
890 1322 939 1351 vix
958 1324 1040 1351 detur
1058 1324 1185 1353 Naturae
1210 1324 1376 1360 mysterium
1399 1324 1455 1353 hoc
1479 1324 1569 1361 magis
1591 1321 1793 1360 impenetrabi-

277 1369 323 1405 le,
346 1370 418 1398 lianc
437 1371 607 1399 creationem
630 1380 830 1407 comparavere
855 1381 920 1401 cum
945 1373 1116 1403 formatione
1139 1375 1270 1411 corporis
1294 1375 1398 1410 solidi,
1428 1375 1521 1410 planis
1545 1374 1726 1411 regularibus
1749 1372 1793 1402 in-

277 1420 351 1448 clusi
372 1420 401 1448 in
422 1420 535 1456 liquore
559 1423 702 1458 quodam,
735 1431 818 1458 quam
841 1423 1121 1460 Crystallisationem
1141 1432 1257 1454 vocant.
1298 1425 1413 1463 Quodsi
1436 1433 1503 1461 ergo
1527 1425 1738 1460 principiorum
1761 1424 1793 1453 in

278 1480 399 1506 corpore
421 1471 490 1500 vivo
518 1472 588 1501 unio
609 1481 643 1501 cx
667 1473 917 1509 Crystallisatione
943 1476 1080 1512 pendeat,
1108 1476 1242 1512 pendebit
1265 1475 1348 1504 etiam
1378 1484 1412 1504 ex
1440 1475 1608 1504 attractione
1633 1474 1792 1512 principio-

279 1530 341 1550 rum
363 1522 529 1551 universali.

316 1573 353 1601 ΙΙ.
376 1573 479 1602 Senio.
521 1574 770 1612 Quemadmodum
798 1577 872 1605 inter
895 1577 1071 1614 hypotheses
1095 1585 1151 1607 tres
1175 1578 1339 1615 principes,
1368 1585 1441 1614 quae
1461 1577 1542 1606 fuere
1561 1577 1736 1614 excogitatae
1756 1575 1792 1605 ad

280 1625 468 1659 generationis
483 1625 701 1661 phaenomenon
719 1627 938 1664 explicandum,
968 1629 1154 1665 potissimum
1176 1638 1206 1658 ea
1225 1629 1366 1665 invaluit,
1394 1637 1466 1665 quae
1484 1629 1518 1657 ab
1543 1629 1715 1658 Evolutione
1738 1636 1792 1656 no-

278 1683 341 1704 men
358 1676 459 1712 habet,
483 1685 614 1713 quaeque
631 1677 783 1714 praecipue
805 1679 986 1715 Leibm'tzio,
1006 1680 1130 1709 llallero
1153 1681 1224 1718 (2),
1249 1687 1335 1717 atque
1354 1680 1478 1708 Bomzeto
1501 1680 1564 1717 (3)
1586 1679 1724 1713 debetur,
1746 1677 1790 1706 sie

1722 1728 1790 1756 haec

307 1803 356 1831 (1)
374 1805 439 1831 Reti,
455 1810 507 1832 pag.
519 1804 555 1826 6⁶.
572 1811 621 1833 sqq.
651 1804 759 1833 Buram,
773 1806 932 1834 lneyclopaedr'a
943 1808 979 1828 der
991 1808 1190 1836 Heflwa'uenschafi‚
1206 1810 1302 1836 issand,
1319 1815 1337 1830 s-
1353 1813 1402 1835 275·
1417 1815 1469 1836 sqq·

310 1844 361 1872 (ς)
375 1846 400 1868 A.
415 1846 502 1873 naun,
530 1847 596 1868 mm.
619 1846 680 1874 Phys.
703 1848 761 1875 carp.
784 1849 848 1870 Ham.
878 1849 942 1871 Tom.
963 1850 1021 1871 vm.
1043 1850 1092 1872 Lib.
1107 1856 1142 1876 29.
1163 1853 1221 1873 sect.
1240 1857 1260 1873 2.
1283 1852 1302 1878 s.
1317 1855 1343 1874 ιγ
1358 1856 1407 1878 sqq.
1433 1855 1456 1872 ut
1481 1853 1503 1870 et
1530 1849 1549 1877 §-
1565 1853 1592 1874 34
1613 1853 1661 1875 sqq·
1695 1848 1791 1874 Dfflmv

280 1886 374 1913 mincip.
392 1887 415 1907 de
429 1886 489 1915 Plryx.
512 1888 575 1909 Τοιη.
589 1889 626 1910 lv.
649 1889 706 1910 Part.
722 1894 745 1915 5.
767 1888 825 1912 Scet.
842 1895 862 1911 1.
884 1891 926 1913 eh.
943 1896 964 1912 α.
988 1897 1035 1917 pag.
1052 1896 1094 1916 340
1109 1897 1131 1913 et
1147 1898 1194 1920 sqq.
1227 1893 1375 1919 Spellatium,
1390 1890 1414 1911 da
1431 1891 1547 1911 animalium·
1563 1891 1720 1917 plumarium-n
1728 1893 1791 1915 geu-

279 1929 366 1949 rau'vm.
399 1929 569 1955 Smmmudam,
592 1930 648 1951 Hirr.
666 1930 737 1951 Imm.
755 1931 829 1952 Gener.
853 1931 1004 1958 (Algemeeue
1020 1933 1186 1959 Vei-handcling
1202 1934 1241 1955 der
1262 1934 1394 1956 bloedcloze
1409 1929 1525 1959 Diei-ries)
1540 1933 1604 1954 Tom.
1619 1931 1636 1954 1.
1659 1935 1709 1958 1³⁶1·
1723 1933 1747 1954 ⁵¹
1768 1933 1793 1950 *ἶ

278 1973 329 1995 sqq.
358 1968 418 1991 cun.
434 1970 517 1996 Spu-eng.
535 1970 628 1991 Institut.
646 1970 732 1997 Plu-sm.
750 1971 800 1993 Pars
815 1973 841 1993 ll·
860 1973 909 1995 Lib.
924 1978 944 1998 3.
964 1975 1018 2002 Cup.
1035 1978 1054 1997 1.
1070 1980 1120 2005 pag.
1139 1979 1179 2002 493
1196 1980 1244 2002 sqq.

308 2008 356 2037 (3)
375 2009 398 2032 C.
417 2010 511 2038 Bonan,
528 2011 588 2039 σαψ
606 2013 721 2040 organisls,
737 2013 801 2036 Tom-
813 2014 840 2035 ll.
864 2020 912 2042 pag.
927 2020 976 2040 ¹7⁰-
