1940 2474
207 177 249 211 35
561 166 943 202 'ABRAHAMI
997 167 1376 200 CAPADOCE

212 262 316 292 ceteris
335 258 522 290 Evolutionis
547 256 712 294 systematis
741 255 910 284 fautoribus.
926 254 957 283 in
973 254 1096 283 medium
1118 255 1229 292 prolata
1248 260 1342 290 sunt‚.
1357 262 1416 283 non
1440 253 1470 281 in
1497 252 1536 280 rei
1554 253 1655 283 natura
1676 247 1731 283 des}

211 320 342 352 promta,
365 312 413 343 sed
435 311 467 339 in
483 309 609 338 theoriae
634 315 777 337 assumtae
801 307 923 344 gratiam
939 306 1009 335 ficta.
1028 306 1097 335 mibi
1118 308 1261 336 videntur.
1303 306 1368 343 (4)
1389 305 1540 342 angimus
1569 304 1671 340 facile,
1694 305 1730 333 in·

213 364 350 395 omnibus
371 363 428 391 illis
450 360 668 398 experimentis,
696 359 745 388 ubi
766 359 835 387 aiii-is
857 358 1110 393 accessusdetur,
1140 357 1238 386 forsan
1267 365 1355 394 posse
1378 365 1413 385 ex
1438 365 1470 385 eo
1495 356 1582 384 ovula
1606 355 1724 385 minima

214 416 244 445 in
265 416 404 451 liquorem
429 413 574 445 decidere,
597 419 623 440 et
645 412 685 440 sic
712 410 833 446 speciem
857 417 948 438 novae
968 409 1118 438 creationis
1137 409 1269 443 mentiri,
1298 408 1389 444 (licet
1407 408 1463 436 hoc
1487 415 1547 436 non
1564 406 1727 435 verosimile

212 467 358 501 videatur,
386 474 420 494 eo
443 464 557 500 quidem
585 463 701 497 minus,
731 461 873 497 quoniam
898 467 968 489 tunc
994 460 1191 490 divinissimae
1218 460 1372 488 ovulorum
1403 458 1511 495 speeies
1536 458 1571 486 in.
1590 459 1649 486 aiere
1673 457 1728 489 cir÷

211 517 400 547 cumvolitare
419 515 587 552 deberent.)
627 513 822 543 Concedimus
840 512 975 548 libenter,
997 512 1022 540 si
1037 512 1093 549 jam
1110 512 1181 540 aeris
1201 519 1334 540 accessus
1350 510 1560 546 prohibeatur,
1573 509 1620 537 illa
1641 509 1729 537 ovula

211 578 301 608 posse
323 570 430 603 latere,
453 570 494 595 10.
513 567 542 595 in
568 567 610 594 iis*
629 565 794 601 liquoribus
823 571 888 593 ante
912 565 1123 601 experimenta,
1163 565 1210 592 20.
1234 563 1263 590 in
1291 561 1455 590 substantia
1479 560 1594 589 animali
1617 560 1660 588 vel
1681 567 1729 588 veb

212 621 329 658 getabili
350 620 384 648 iis
412 619 559 654 immissa,
603 620 645 654 3⁰.
672 617 716 645 vel
746 616 857 645 tandem
889 613 947 651 ipsi
977 613 1100 643 internae
1127 623 1263 643 vasorum
1287 613 1449 649 superficiei
1473 611 1644 641 adhaesisse.
1684 610 1732 641 Ex

212 672 255 701 isis>
270 681 355 709 ergo,
387 680 459 707 quae
479 670 528 699 tali
556 671 676 700 incasti
701 668 869 704 prodierunt
899 666 1037 702 partibus·
1060 665 1202 702 organicis
1231 665 1328 699 vivis,
1358 670 1557 701 argumentum
1583 664 1732 691 desumere

213 724 297 752 nolo.
345 722 375 750 Si
402 731 468 750 vero
498 727 598 750 contra
630 719 808 748 animalcula
824 717 891 746 oriri
911 717 1015 752 video,
1048 716 1120 753 ipsis
1145 716 1173 745 in
1201 715 1372 752 corporibus
1395 715 1497 750 vivis,⁴
1514 721 1541 743 et
1562 712 1732 749 quideinin

213 773 360 812 partibus,
383 773 432 801 ubi
456 773 534 802 nulla
557 771 611 800 ae'ri
636 777 712 807 patet
742 770 786 798 via
796 791 813 804 ‚.
833 769 858 796 si
878 768 975 804 cogito
1002 767 1192 801 imitationes,
1222 776 1293 802 quas
1319 768 1368 795 tali
1393 767 1423 794 in
1446 775 1514 795 casu
1536 765 1615 801 ipsae
1637 770 1733 800 partes

215 826 385 859 subierunt,
413 832 472 852 non
495 824 592 851 solum·
613 821 708 857 quoad
731 820 876 854 formam,
903 820 953 848 sed
977 818 1060 846 etiam
1084 818 1434 851 internam.structuram,
1464 818 1592 852 adeoque
1616 814 1732 843 mixtio·

214 885 278 906 nem
289 897 308 911 ‚⁷
321 882 391 903 tunc
416 875 512 902 reverti
537 873 566 901 in
587 873 633 901 his
658 870 836 905 refutandis,
863 871 909 898 vel
934 870 1032 897 saltem
1047 869 1103 897 alio
1126 869 1211 896 mollo
1229 877 1314 903 quarn
1331 877 1381 904 per
1403 868 1610 904 generationem
1634 865 1733 902 aequi-

214 936 317 956 vocam
337 924 534 962 explicandis,
562 923 633 951 mihi
662 921 757 959 magis
778 921 925 957 magisque
953 928 1054 954 aquam
1085 920 1205 947 haerere
1223 927 1282 947 non
1311 918 1448 946 erubesco
1475 918 1617 946 confiteri.
1659 916 1735 954 Quis

214 978 290 1009 enim
312 978 369 1006 sibi
394 975 558 1005 satisfacere
583 981 685 1011 posset
715 972 906 1009 explicatione
935 971 1023 1007 hujus
1048 970 1235 1006 phaenomeni
1263 978 1277 998 a
1304 968 1510 997 refutatoribus
1531 968 1632 1002 allata,
1655 965 1737 1003 quod

218 1029 263 1063 si,
292 1038 322 1057 v.
347 1037 375 1065 g.
406 1027 435 1055 in
461 1027 581 1062 hepate,
607 1026 652 1054 vel
678 1025 707 1054 in
732 1024 867 1058 cerebro,
884 1022 1033 1052 vermiculi
1055 1028 1187 1058 prostent
1208 1022 1290 1058 (5),
1320 1021 1423 1050 horum
1450 1020 1536 1049 ovula
1558 1027 1607 1054 per
1633 1026 1667 1046 os
1692 1026 1737 1047 asu

216 1086 311 1109 sumta
334 1086 393 1107 tam
415 1085 500 1114 parva
520 1076 632 1111 fuisse,
656 1083 688 1105 ut
709 1085 761 1112 peri
775 1075 951 1112 lymphatica
970 1082 1038 1102 vasa
1058 1073 1213 1110 absorpta,
1237 1073 1324 1109 inque
1340 1071 1524 1109 sanguineam
1541 1077 1662 1099 massam
1682 1075 1739 1098 tra-

216 1131 319 1165 ducta,
345 1138 395 1166 per
415 1135 504 1158 totam
527 1128 744 1157 circulationem
762 1126 961 1161 circumvehi,
986 1126 1156 1160 tandemque
1174 1125 1203 1154 in
1221 1125 1273 1153 hac
1298 1125 1384 1152 illave
1405 1130 1483 1160 parte
1501 1122 1628 1159 deponi,
1645 1127 1673 1150 et
1693 1121 1738 1149 ibi.

217 1188 287 1210 tunc
308 1180 516 1210 Evolutionem
536 1188 664 1209 ovorumv
679 1179 798 1216 cognita
823 1178 931 1207 ratione
952 1176 1046 1212 sequi.
1088 1177 1165 1205 Haec
1189 1177 1254 1206 idea
1273 1176 1378 1205 nemini
1404 1176 1438 1204 ab
1466 1173 1545 1204 omni
1571 1171 1738 1210 systematis

218 1233 316 1262 studio
339 1232 431 1261 libero
456 1232 567 1268 placere
598 1240 664 1260 cum
686 1230 800 1267 possit,
827 1235 902 1257 certe
931 1228 1102 1257 adsumenda
1124 1228 1176 1256 erit
1195 1230 1347 1266 generatio
1372 1228 1547 1266 aequivoca,
1578 1225 1635 1254 nisi
1662 1223 1738 1253 forte

217 1292 285 1312 cum
306 1284 369 1312 aliis
396 1290 528 1317 statuas,
554 1283 641 1311 ovula
667 1283 712 1310 vel
737 1281 798 1317 ipsa
823 1280 939 1309 minima
961 1280 1130 1309 animalcula
1152 1287 1201 1316 per
1231 1286 1372 1308 externam
1398 1278 1530 1314 corporis
1558 1275 1739 1313 superficiem

218 1336 254 1364 ad
275 1336 372 1371 hepar
385 1334 498 1362 aliudve
519 1341 646 1370 organon
672 1334 815 1361 internum
840 1338 1003 1367 penetrare,
1023 1331 1089 1365 vel,
1120 1331 1163 1358 uti
1184 1332 1245 1368 (6)
1269 1331 1342 1359 alius
1362 1330 1475 1363 voluit,
1504 1337 1577 1357 cum.
1597 1325 1740 1356 alimentis

220 1385 336 1421 quidem
362 1384 491 1418 adsumi,
514 1385 565 1412 sed
580 1385 644 1412 dein
666 1383 822 1418 oesophagi
844 1382 1032 1410 substantiam
1056 1382 1217 1416 perforare,
1240 1388 1274 1409 ct¹
1290 1381 1331 1409 sic
1352 1387 1582 1416 quaquaversum
1606 1386 1657 1414 per
1676 1384 1739 1405 cors·

220 1434 415 1472 pus-deferri,
436 1435 481 1463 vel
499 1435 609 1462 tandem
626 1433 737 1462 bomini
751 1443 766 1461 a
779 1433 873 1469 primo
891 1432 1043 1460 creationis
1058 1438 1184 1468 tempore
1201 1432 1256 1468 jam
1272 1431 1447 1464 inhaesisse,
1465 1435 1492 1456 et
1505 1429 1566 1463 sic,
1585 1435 1618 1456 ut
1628 1426 1740 1456 Valles-

223 1488 337 1516 nierius
361 1486 480 1520 statuit,
503 1494 553 1521 per
574 1492 684 1521 patrem
712 1486 746 1513 ad
766 1484 866 1519 ,filium
888 1483 1052 1518 transiisse,
1084 1491 1176 1518 usque
1194 1483 1280 1518 dum,
1310 1481 1431 1510 simulac
1461 1479 1575 1509 occasio
1606 1479 1740 1513 daretur,

221 1537 357 1566 evolutio
374 1545 496 1565 ovorum
514 1543 691 1571 sequeretur.
734 1536 812 1563 Haec
829 1535 923 1564 omnia
943 1536 999 1571 jam
1018 1534 1110 1563 totiesv
1129 1541 1160 1562 ut
1183 1534 1250 1562 ficta
1271 1534 1353 1569 plane
1376 1533 1405 1561 in
1425 1531 1574 1569 oppositis
1593 1537 1742 1567 argumcnv

222 1589 262 1617 tis
287 1588 382 1625 agnita
404 1594 474 1616 sunt
492 1587 526 1615 ab
548 1587 713 1615 Illustribus
733 1587 831 1621 Viris,
855 1593 885 1614 ut
907 1585 1057 1614 brevitatis
1083 1593 1151 1621 ergo
1172 1585 1206 1612 de
1228 1584 1382 1613 innumeris
1406 1583 1620 1620 objectionibus
1643 1587 1744 1609 contra

223 1639 278 1668 has
299 1639 451 1667 sententias
478 1639 570 1667 allatis
587 1645 615 1666 et
631 1637 778 1666 afferendis
803 1644 925 1672 taceam3
949 1637 995 1665 Eo
1020 1636 1133 1672 quidem
1156 1636 1263 1672 magis,
1286 1635 1438 1671 quoniam,
1463 1635 1492 1663 in
1510 1634 1623 1669 saepius
1637 1640 1743 1661 memo-

229 1692 290 1716 ra'a
313 1689 486 1718 anderseozii
506 1689 721 1725 disputatione,
753 1698 786 1719 ex
807 1688 959 1724 proposito
981 1687 1118 1716 refutatae
1148 1694 1216 1716 sunt
1241 1687 1291 1715 hae
1315 1687 1477 1723 opiniones.
1526 1685 1625 1720 Cogor
1646 1684 1744 1718 itaque

232 1746 373 1769 recurrere
404 1739 439 1767 ad
470 1741 677 1776 generationem
707 1740 914 1775 aequivocam,
942 1748 1001 1769 non
1023 1739 1107 1775 quasi
1137 1747 1188 1775 pet
1214 1739 1293 1768 hanc.
1314 1737 1525 1774 impenetrabile
1549 1733 1740 1772 generationis

1683 1791 1746 1819 my-

263 1873 311 1901 (ω
327 1873 414 1898 muer,
436 1873 500 1895 Ele-a.
520 1874 581 1901 Phyr.
598 1875 658 1901 ευρ.
675 1876 736 1896 flam.
760 1876 824 1897 Tam.
839 1874 897 1897 vm:
919 1879 966 1901 pag.
987 1877 1035 1895 112.
1056 1871 1095 1894 nbi
1114 1872 1152 1894 Vir
1171 1871 1263 1894 musti-is
1282 1872 1371 1894 Bonane·
1384 1871 1514 1896 sententiam
1533 1869 1617 1895 refert,
1637 1872 1701 1897 qum
1720 1869 1751 1888 et.

232 1913 305 1943 ipsum
319 1914 419 1941 amplecti
433 1920 492 1941 patet
505 1921 533 1937 ex
547 1915 574 1937 iis
585 1933 592 1942 ,
613 1922 667 1943 quae
680 1916 747 1938 habet
760 1917 782 1937 in
795 1916 910 1938 Addendis
923 1916 949 1936 ad
963 1920 1018 1941 opus
1032 1914 1071 1935 eit.
1098 1915 1164 1935 Tum.
1183 1915 1238 1936 Vffl·
1261 1920 1312 1942 ριςε
1323 1920 1374 1941 214.

261 1957 310 1982 (5)
323 1954 408 1983 Ludwig
424 1955 538 1984 Lunum,
558 1958 574 1978 Ι.
591 1958 605 1977 1.
627 1964 668 1984 pag
692 1963 727 1984 79.

263 1995 316 2024 (6)
330 1997 392 2020 Haec
409 1997 453 2019 fuit
467 1997 546 2025 opinio
561 1999 725 2021 Kraazcmnnii'.
757 1998 826 2021 Gont-
841 1996 961 2024 Luam,
981 1998 997 2019 1.
1011 1997 1028 2019 l.
1049 2002 1099 2025 puz-
1116 1996 1142 2020 81
1159 2001 1181 2020 et
1196 1998 1235 2021 88*
