1940 2474
327 168 376 207 -43
570 167 615 198 Η.
681 166 715 198 c.
781 174 890 198 vau
955 175 1058 213 nna
1122 166 1300 199 Boou
1366 167 1605 207 MESCH‚

337 255 387 284 cul
409 254 518 283 dubio:
549 260 598 282 aut
622 253 693 289 quid
715 260 769 281 nos
791 259 928 288 premeret
949 253 1074 289 spatium
1096 252 1169 282 inter
1190 253 1355 287 Tellurem,
1381 253 1476 283 Solem
1499 261 1527 284 et
1544 254 1676 290 Lunam,
1702 264 1768 286 cum
1788 258 1836 288 hie

337 315 430 336 sermo
452 307 491 334 sit
509 307 544 334 de
565 304 673 339 fluido,
695 305 779 341 cujus
805 303 931 332 celeritas
954 304 1053 341 ingens
1075 310 1136 340 est,
1161 313 1278 341 eamque
1301 304 1376 333 lucis
1397 305 1478 340 quasi
1501 305 1646 335 imitatur?-
1682 307 1728 337 Sic
1753 308 1837 337 habe-

336 366 401 385 mus
416 356 524 386 fontem
545 361 734 393 perpetuum,
757 354 799 389 si,
819 361 890 389 quae
907 354 1074 389 memoravi,
1095 361 1297 390 assumuntur,
1321 361 1352 383 ut
1368 356 1501 384 videntur
1518 358 1705 394 assumenda,
1726 367 1760 388 ex
1774 368 1832 395 quo

337 408 448 444 ubique
470 415 498 437 et
518 415 628 444 semper
646 405 813 443 largissimis
834 404 936 434 rivulis
957 405 987 434 in
1008 406 1245 442 Atmosphaeram
1264 406 1352 435 affluit
1372 415 1425 444 gaz
1446 406 1630 444 oxygenium.

1028 482 1057 517 §.
1097 483 1147 517 48.

375 561 467 591 Probe
487 560 599 597 quidem
625 558 736 594 sentio,
762 560 877 588 relatam
890 559 1027 588 theoriam
1049 567 1079 587 ea
1093 559 1180 596 premi
1195 560 1377 596 difficultate,
1401 561 1480 596 quod
1496 568 1546 597 per
1566 561 1727 591 columnam
1747 562 1840 599 galva-

336 613 429 643 nicam
451 612 481 641 in
503 620 533 640 ea
553 610 741 647 proportione
765 619 818 646 gaz
844 610 1050 647 hydrogenium
1071 611 1105 639 de
1126 619 1199 647 aqua
1219 612 1379 647 formetur,
1410 620 1466 648 qua
1484 610 1640 641 formatum
1662 621 1713 649 gaz
1734 621 1840 649 oxyge-

338 663 439 698 nium,
462 663 598 698 quodque
616 661 686 697 quid
704 663 738 690 de
755 662 810 690 hoc
829 661 1005 698 hydrogenio
1027 661 1074 689 fiat
1089 670 1148 690 non
1169 662 1207 690 ita
1223 663 1296 694 clare
1319 668 1450 698 constet3
1474 670 1572 691 verum
1596 661 1727 698 quamvis
1749 671 1765 690 a
1787 670 1840 695 no-

337 713 382 742 bis
403 712 553 750 proposita
571 711 741 748 hypothesis
765 718 839 740 certe
857 721 985 748 magnam
1007 712 1164 747 acquireret
1181 713 1306 742 veritatis
1331 713 1474 750 speciem,
1500 713 1525 742 sl
1543 713 1578 741 ad
1592 708 1711 742 oculum
1727 720 1841 749 possem

329 769 496 797 monstare,
522 762 593 797 quid
617 763 651 791 de
676 763 730 791 hoc
758 763 933 799 hydrogenio
957 763 1024 798 fiat;
1054 763 1114 800 ejus
1141 770 1234 792 tamen
1260 763 1370 793 falsitas
1399 773 1458 793 non
1480 772 1567 800 posse
1587 763 1685 792 inferri
1707 763 1839 798 videtur,

338 814 418 847 quod
441 813 496 841 hoc
526 815 655 842 nondum
684 820 767 850 queat
790 814 996 850 demonstrari3
1028 813 1056 842 id
1083 815 1162 849 quod
1187 816 1255 843 latet
1281 814 1436 850 aliquando
1462 815 1492 842 in
1519 815 1611 843 lucem
1639 813 1837 850 protrahetur:

336 863 478 899 ejusmodi
493 865 638 899 exempla,
661 871 693 892 ut
715 872 838 893 caeterae
857 864 1025 899 disciplinae
1048 866 1156 899 multa,
1180 865 1220 894 sic
1239 865 1377 900 imprimis
1399 865 1521 900 Physica
1550 865 1726 900 amplissima
1748 871 1841 899 neque

335 922 472 949 umquam
493 915 630 944 exhausta
651 915 734 944 offert
755 915 877 951 plurima
900 921 927 943 et
947 914 1045 943 offeret
1067 923 1187 950 semper.
1211 932 1248 937 —
1267 915 1354 953 Quod
1373 916 1397 944 si
1419 915 1514 944 animo
1537 917 1689 944 volvamus
1710 914 1844 943 recentis-

336 964 403 993 simi
422 966 557 1001 temporis
583 966 862 1002 praestantissimum
881 966 1047 1001 inventum,
1069 965 1240 994 ammoniam
1263 975 1296 995 ex
1313 965 1490 1002 hydrogenio
1510 972 1537 994 ct
1559 972 1644 994 azoto
1662 971 1841 994 constantem

338 1015 601 1052 hydrogenatione,
625 1023 657 1045 ut
677 1017 794 1053 dicunt,
823 1017 852 1046 id
875 1023 918 1045 cst
942 1026 1018 1045 nova
1040 1025 1106 1045 cum
1129 1017 1306 1054 hydrogenio
1328 1017 1435 1046 unione
1460 1016 1491 1045 in
1513 1016 1636 1052 speciem
1659 1016 1765 1045 mctalli
1785 1015 1845 1044 abi-

332 1073 367 1094 „te
386 1066 490 1103 (12);
521 1067 546 1095 si
566 1067 733 1104 adJiciamus
756 1067 1017 1096 recentissimornm
1038 1067 1243 1097 Chemicorum
1263 1069 1475 1105 conjecturam,
1503 1068 1632 1102 metalla,
1658 1067 1688 1096 in
1707 1065 1844 1095 alcalibus

338 1116 467 1152 detecta,
489 1118 557 1146 dum
581 1118 610 1146 in
629 1118 756 1154 apricum
774 1120 939 1155 ponuntur,
963 1118 1170 1155 liydrogcnium
1191 1126 1334 1146 assumere
1354 1118 1454 1156 (13),
1484 1119 1700 1153 multorumque
1721 1117 1842 1145 aliorum

336 1175 492 1203 corporum
522 1169 692 1198 naturalium
714 1169 954 1206 compositionem
979 1177 1014 1197 cx
1037 1170 1130 1197 eadem
1158 1169 1400 1205 liydrogenatione
1423 1169 1561 1205 pendere;
1585 1177 1643 1198 non
1667 1168 1773 1196 absona
1795 1167 1843 1195 ha-

335 1217 455 1254 bebitur
480 1225 508 1246 et
532 1219 598 1248 haec
622 1226 720 1248 nostra
749 1219 940 1256 hypothesis,
972 1220 1051 1255 quod
1074 1220 1301 1257 hydrogenium,
1330 1220 1408 1256 quod
1436 1226 1570 1256 perpetua
1598 1225 1626 1248 et
1650 1217 1843 1247 efficacissima

340 1269 412 1297 tanti
433 1276 585 1306 apparatus
609 1270 749 1306 galvanici
770 1270 882 1298 actione
906 1279 943 1298 ex
963 1279 1036 1305 aqua
1058 1271 1195 1306 habetur,
1225 1271 1345 1300 dimisso
1367 1280 1419 1308 gaz
1441 1271 1600 1307 oxygenio,
1629 1269 1764 1300 inserviat
1784 1268 1844 1298 for-

340 1319 449 1348 mandis
474 1321 647 1356 corporibus
672 1321 858 1350 metalloideis
880 1313 981 1356 partim
1004 1321 1148 1357 cognitis,
1178 1328 1206 1348 at
1226 1322 1310 1357 longe
1333 1321 1431 1357 majori
1451 1328 1531 1355 parte
1552 1321 1719 1357 incognitis.
1760 1319 1845 1348 Forte

337 1369 406 1400 inde
426 1371 530 1410 elucet,
555 1371 625 1406 quid
645 1372 680 1400 de
701 1380 775 1407 aqua
794 1371 900 1400 factum
919 1371 973 1405 sit,
996 1380 1068 1406 quae
1085 1371 1114 1401 in
1129 1362 1256 1400 tellurem
1272 1371 1392 1399 diversis
1410 1371 1495 1408 hujus
1512 1371 1635 1407 periodis
1650 1370 1775 1405 invasit,
1795 1378 1846 1398 cu-

339 1421 388 1457 jus
414 1430 501 1456 aquae
522 1421 672 1450 maximam
700 1422 813 1458 copiam
842 1422 907 1450 lieet
929 1421 1070 1457 Gcologis
1095 1422 1283 1451 concedamus
1312 1422 1340 1450 in
1369 1430 1521 1456 cavernas,
1550 1421 1579 1449 in
1601 1421 1711 1449 telluris
1730 1427 1845 1456 crusta,

337 1478 388 1500 aut
411 1472 441 1500 in
463 1472 555 1508 ipsius
577 1472 817 1508 profundioribus
837 1472 1029 1508 penetralibus
1048 1472 1186 1507 latentes,
1209 1481 1242 1500 cx
1264 1472 1371 1507 quibus
1390 1472 1465 1500 haud
1486 1480 1547 1500 raro
1571 1471 1679 1507 impetu
1699 1471 1847 1500 vehemen-

339 1522 405 1551 tiori
430 1523 559 1559 erupisse
581 1523 715 1559 videtur,
743 1523 903 1560 refugisse3
935 1523 1011 1551 hand
1033 1523 1186 1552 absurdum
1209 1523 1321 1551 videtur
1340 1529 1479 1558 statuere,
1507 1523 1565 1551 fieri
1584 1522 1735 1559 potuisse,
1765 1529 1796 1551 ut
1817 1521 1848 1551 in

339 1573 411 1604 hanc
434 1573 524 1610 ipsam
546 1583 648 1610 aquam
672 1574 747 1603 vires
764 1583 832 1603 suas
857 1573 1006 1602 tentaverit
1035 1573 1156 1602 fluidum
1181 1574 1379 1611 galvanicum‚
1401 1580 1433 1602 ut
1455 1581 1566 1610 semper
1585 1573 1699 1609 efficax,
1726 1573 1767 1602 sic
1789 1573 1845 1602 effi-

338 1624 522 1652 cacissimum
554 1624 731 1653 instantibus
755 1631 783 1653 et
804 1624 876 1653 ortis
902 1624 989 1652 tantis
1015 1631 1042 1652 ct
1066 1625 1172 1653 talibus
1202 1625 1313 1660 turbis,
1342 1631 1428 1660 atque
1455 1633 1488 1653 ex
1516 1625 1727 1661 decompositae
1753 1632 1842 1660 aquae

339 1674 516 1712 hydrogenio
541 1682 569 1704 et
594 1675 738 1712 oxygenio
758 1681 786 1704 et
811 1681 924 1704 montes
945 1681 972 1703 et
992 1674 1121 1712 aridum,
1152 1675 1223 1712 quin
1247 1675 1439 1712 organismum
1462 1675 1662 1712 vegetabilium
1685 1681 1712 1704 et
1737 1674 1841 1704 anima-

1771 1726 1842 1755 lium

367 1824 380 1847 (
388 1821 430 1847 12)
447 1822 498 1845 Vid.
514 1823 614 1844 Venucha
625 1823 674 1844 uber
691 1823 723 1844 dle
737 1823 867 1844 Bem'mmnn
879 1824 1041 1850 Verbalrnlmn,
1058 1824 1080 1844 u'n
1097 1824 1180 1845 welchen
1192 1824 1224 1845 dfe
1240 1824 1396 1845 bertaudrheilm
1407 1823 1563 1852 unorgnni'tcher
1575 1822 1657 1851 torpor
1668 1821 1770 1849 varelnlge
1781 1820 1839 1847 dud,

339 1869 378 1891 n-
391 1862 506 1890 Bemlius,
521 1865 543 1885 tn
554 1865 630 1891 Journ.
645 1864 681 1885 dar
694 1865 779 1886 Pham.
794 1871 832 1886 van
845 1865 997 1892 Dommsdorff}
1013 1870 1037 1886 21
1053 1866 1122 1887 nand.
1139 1871 1150 1886 a
1165 1866 1227 1888 liefr.
1242 1867 1263 1888 S.
1280 1871 1317 1891 123
1333 1871 1395 1893 seqq.

368 1903 432 1930 (13)
447 1905 580 1933 &heikundig
592 1905 707 1927 Ouderznk
719 1906 836 1934 aaugaana'a
847 1906 869 1926 de
882 1907 968 1927 Naruur
980 1907 1016 1927 der
1027 1907 1109 1927 Alcalia
1118 1921 1126 1932 ‚
1138 1907 1159 1927 r'n
1170 1907 1204 1927 het
1219 1906 1339 1934 Tijdsclirr'fl
1349 1914 1396 1929 vaur
1409 1906 1463 1928 Nol.
1473 1907 1528 1927 17η.
1537 1921 1545 1934 ,
1559 1905 1606 1927 Iuor
1613 1903 1747 1931 Rumam,
1763 1903 1809 1925 Νο.
1819 1906 1842 1924 1.

340 1951 363 1972 p.
378 1950 412 1966 22.
428 1950 451 1967 et
466 1946 511 1969 No.
523 1952 546 1968 a.
560 1952 609 1974 pag.
626 1953 664 1972 172
680 1953 703 1969 et
719 1952 768 1974 ¹73·
800 1947 850 1970 Vid.
866 1947 957 1974 Physirch
974 1948 1085 1970 Chemmis«
1096 1949 1195 1971 Versum
1207 1949 1245 1971 nis
1264 1949 1300 1978 4η
1316 1949 1395 1972 filatur.
1413 1947 1490 1975 Saule,
1503 1953 1541 1971 ven
1553 1945 1685 1974 Gay-Lam
1698 1950 1722 1968 et
1733 1943 1840 1970 non-rt,

337 1985 414 2012 ymni.
426 1986 462 2008 dar
473 1986 576 2015 Pham„
591 1992 624 2011 21.
638 1989 701 2011 Band
724 1993 743 2012 ι.
758 1989 818 2011 Πεῖι.
837 1990 858 2011 s.
876 1993 913 2016 ¹4²
929 1995 991 2016 seqq.
