1940 2474
266 178 306 212 7>
441 168 478 198 H.
510 168 545 197 C.
575 175 641 199 vAtt
669 176 728 197 nni
757 166 868 197 BOON
898 165 1052 203 lumen,
1082 164 1380 205 COMMENTATIQ
1415 165 1603 198 CHEMICA.

268 260 302 282 ex
323 252 435 288 cognita
460 252 579 280 efficacia
604 251 685 280 fluidi
709 251 832 280 electrici
852 251 1010 287 desumptis
1032 251 1158 286 vulgaris
1182 251 1369 278 confirmatur
1393 251 1530 286 loquendi
1554 260 1634 286 mos,
1661 258 1720 287 quo
1740 250 1777 279 ad

272 303 460 338 depurzutdam
483 302 739 338 Atmosphaeram,
766 302 786 330 i.
809 311 834 330 e.
865 302 899 330 ad
919 301 1120 330 restituendam
1145 301 1272 329 omnium
1301 301 1376 328 vitae
1405 291 1533 330 animalis
1556 309 1583 330 et
1612 303 1772 338 plantarum

274 353 409 388 optimam
434 353 642 389 principiorum
659 352 886 389 proportionem,
910 353 1016 388 vulgus
1036 352 1157 380 assumit
1181 358 1382 387 tempestates,
1410 360 1480 386 quae
1501 361 1516 380 a
1536 353 1624 381 fluido
1641 352 1773 381 electrice

274 404 305 432 in
326 410 420 435 actum
440 405 528 433 ducto
548 410 574 432 et
595 403 795 440 aequilibrium
813 409 925 438 petente
944 403 1079 438 pendent.

966 479 994 515 §—
1038 487 1084 514 72·

305 557 381 585 Haec
404 556 536 585 videntur
560 556 670 591 media,
693 563 765 591 quae
788 554 986 590 aequilibrium
1011 555 1083 583 inter
1109 554 1250 591 principia
1273 554 1403 590 proxima
1418 554 1643 590 Atmosphaerae
1664 561 1777 584 servant

270 613 453 644 perpetuum.
496 607 572 635 Haec
597 613 688 635 autem
713 606 821 641 media,
843 606 910 634 licet
935 605 1049 643 singula
1070 614 1120 642 per
1142 614 1171 634 se
1195 612 1324 641 spectata
1349 605 1472 642 insignis
1496 606 1551 642 jam
1575 606 1635 634 sint
1653 614 1780 635 momen·

268 659 290 686 ti
311 665 337 687 et
353 658 535 695 gravissimae
552 657 705 691 utilitatis,
729 658 860 694 majorem
883 658 941 685 vim
958 663 1109 691 exserunt,
1132 657 1350 692 praestantiores
1373 657 1461 684 edunt
1482 655 1618 691 effectus,
1646 665 1712 684 cum
1737 657 1776 685 si-

270 708 303 737 bi
320 709 441 737 invicem
463 717 546 744 opem
569 707 702 736 afferant:
726 714 768 735 est
793 708 865 736 enim
888 716 942 735 una
959 708 1084 736 Naturae
1110 707 1298 742 oeconomia,
1322 707 1351 735 in
1368 707 1478 735 Natura
1499 707 1592 734 omnia
1614 707 1780 743 conspirant

269 759 304 787 ad
327 759 448 794 quosvis
469 758 640 787 utilissimos
665 758 782 787 effectus
804 759 927 787 edendos
951 766 977 787 et
1002 759 1204 795 gmvissimos3
1235 764 1374 794 praeterea
1395 759 1437 785 es't
1461 759 1630 792 tenendum,
1663 766 1776 786 omnem

272 810 509 845 Atmosphaeram
539 810 739 837 commercium
776 810 848 837 alere
871 810 1022 844 intimum,
1051 809 1264 844 arctissimumg
1296 817 1354 843 quo
1376 808 1408 836 fit
1433 815 1484 843 ut,
1512 809 1579 836 dum
1603 809 1631 836 in
1653 809 1704 837 hac
1726 809 1780 837 At-

277 860 460 895 mosphaerae
480 859 592 896 regione
616 860 757 896 principia
781 861 910 888 delentur
927 861 1036 894 multa,
1059 861 1086 888 in
1105 860 1152 888 illa
1175 859 1273 895 majori
1302 859 1386 894 copia
1411 868 1494 894 quam
1522 867 1597 895 opus
1621 866 1663 887 est
1685 868 1779 888 crean-

276 917 341 945 tur,
366 910 505 939 continuo
525 917 551 938 et
572 916 708 946 perpetuo
730 917 828 945 motu,
850 911 996 939 accedente
1018 911 1200 939 determinata
1224 909 1376 945 affinitate,
1403 909 1451 938 ubi
1469 910 1539 945 quid
1563 910 1648 946 hujus
1670 910 1783 939 illiusve

273 961 411 997 principii
428 961 501 990 desit
523 961 697 1002 advehatur,
720 961 770 989 ubi
797 961 868 997 quid
888 962 1012 991 abundet
1032 962 1204 990 detrahatur.

314 1063 390 1091 Haec
412 1063 522 1091 interim
552 1064 618 1092 dum
642 1063 784 1099 absolvo,
809 1065 898 1100 probe
923 1074 968 1093 me
989 1066 1083 1094 sentio
1107 1067 1258 1102 Juvenem,
1281 1064 1331 1099 qui
1352 1072 1387 1092 ne
1408 1065 1540 1092 extremis
1565 1062 1679 1099 quidem
1701 1062 1784 1091 labiis

274 1114 481 1149 amplissimam
505 1114 655 1150 physicam
674 1115 863 1150 Disciplinam
886 1116 1047 1153 attigerim,
1077 1115 1271 1153 gravissimam
1296 1116 1367 1143 hanc
1392 1115 1534 1143 materiam
1561 1124 1612 1143 nec
1634 1114 1719 1151 digne
1741 1122 1785 1142 sa-

275 1165 312 1192 tis
336 1173 427 1200 neque
451 1166 592 1201 eleganter
621 1172 775 1200 tractasse,
804 1175 896 1201 neque
926 1175 1045 1202 prorsus
1076 1167 1261 1201 exhausisse,
1294 1167 1416 1194 Senecae
1436 1167 1588 1195 verborum
1612 1173 1784 1200 memorem,

276 1235 293 1249 „
314 1216 435 1243 multum
458 1216 549 1244 adhuc
566 1223 652 1244 restat
671 1216 782 1251 operis,
806 1219 987 1253 multumque
1004 1217 1139 1252 restabit,
1164 1227 1214 1246 nec
1240 1219 1291 1246 ulli
1309 1226 1375 1248 nato
1392 1226 1461 1255 post
1479 1219 1555 1247 mille
1577 1220 1689 1247 saccula
1708 1225 1787 1254 prae-

275 1287 293 1301 „
313 1266 443 1294 cludetur
459 1266 572 1294 occasio
595 1266 703 1301 aliquid
724 1266 908 1302 adjiciendi.”
946 1269 1116 1305 Praeprimis
1141 1278 1229 1304 quum
1256 1270 1440 1298 subtilissimi
1466 1270 1570 1306 ingenii
1589 1270 1670 1304 Viri,
1700 1275 1786 1304 atque

278 1316 387 1344 abditas
419 1325 509 1344 rerum
538 1325 637 1344 causas
667 1316 816 1353 diligenter
848 1318 1044 1353 perscrutandi
1075 1320 1208 1347 laudabili
1237 1321 1334 1348 ardore
1361 1321 1509 1356 flagrantes
1527 1341 1536 1354 ,
1572 1321 1621 1354 qui
1652 1320 1681 1347 in
1710 1327 1786 1355 mag-

275 1375 343 1396 num
369 1367 520 1395 Chemicae
543 1367 719 1403 Disciplinae
739 1369 960 1397 emolumentum
982 1377 1032 1404 per
1056 1369 1215 1399 universam
1244 1371 1390 1407 Europam
1414 1371 1514 1399 florent
1536 1378 1636 1399 nostro
1659 1376 1787 1406 ternpore

275 1418 410 1455 plurimi,
432 1418 640 1447 efficacissimas
666 1426 752 1454 atque
773 1420 953 1447 admirabiles
975 1427 1002 1447 sa
1017 1427 1041 1447 ie
1071 1419 1151 1447 fluidi
1176 1422 1298 1449 electrici
1323 1429 1349 1449 et
1376 1421 1514 1457 galvanici
1538 1421 1611 1449 vires
1635 1422 1786 1457 detegant,

275 1470 305 1498 in
331 1469 458 1504 apricum
482 1476 608 1504 ponant,
629 1478 784 1506 permagno
805 1469 1003 1498 inventionum
1027 1478 1146 1498 numero
1175 1471 1300 1506 quotidie
1321 1480 1410 1500 novas
1436 1473 1542 1511 addant?
1556 1473 1679 1506 multas,
1701 1477 1786 1506 atque

276 1520 313 1548 ita
335 1520 499 1548 Chemicam
525 1519 677 1549 Scientiam
706 1521 826 1556 pulchre
856 1528 975 1556 ornent,
1003 1520 1190 1556 confirment,
1218 1522 1247 1550 iu
1271 1523 1370 1551 multis
1400 1530 1555 1559 renovent,
1583 1524 1616 1551 ad
1639 1529 1783 1551 summum

280 1569 428 1608 fastigium
450 1572 568 1600 elevent.
1712 1571 1722 1585 ³

795 1647 1271 1677 TANTUM.

545 1749 578 1777 In
603 1759 701 1778 reram
724 1750 848 1778 Natura
869 1749 923 1777 dno
945 1749 1113 1787 quaerenda
1133 1757 1218 1785 sunt,
1242 1760 1328 1779 unum
1348 1761 1422 1789 quae
1442 1753 1575 1780 materies
1595 1753 1650 1786 sit,
1673 1761 1708 1780 ex
1728 1758 1787 1790 qua

584 1810 712 1839 qffaeqae
731 1811 775 1830 res
799 1801 936 1839 efficitur,
959 1800 1084 1829 alteram
1105 1812 1178 1840 quac
1200 1804 1240 1832 vis
1261 1803 1317 1837 sil,
1340 1812 1413 1840 quac
1436 1803 1560 1842 quidque
1581 1802 1692 1840 efficiat.

1276 1887 1498 1908 CICERO·

971 1980 1110 2005 ΙΙ
