1960 2500
412 801 1319 875 ANNOTATIONES,

149 1210 168 1252 (
180 1221 192 1243 ι
209 1209 225 1251 )
249 1209 333 1242 Urbs
353 1208 501 1241 derelicta
520 1213 568 1241 est
585 1214 679 1240 nocte
697 1207 761 1240 diei
784 1219 840 1240 xiv
855 1208 1049 1253 Septembris
1070 1210 1279 1243 MDCCCXII.
1323 1213 1372 1243 De
1390 1209 1575 1253 horrendo,
1598 1219 1633 1246 at

102 1263 353 1312 piudentissimo
384 1273 491 1298 taimen
525 1266 594 1309 ejus
625 1264 817 1297 deserendae
848 1273 881 1297 et
914 1266 1120 1299 devovendae
1152 1269 1287 1301 consilio
1324 1269 1408 1301 lectu
1443 1270 1632 1314 dignissima

104 1332 181 1356 sunt
212 1336 229 1355 a
259 1334 409 1367 supremo
432 1323 508 1354 belli
534 1322 615 1354 duce
645 1323 913 1366 septuagenario,
942 1324 1089 1367 Principe
1125 1336 1327 1366 mrmsovro,
1355 1328 1478 1359 meritis
1507 1329 1633 1371 magnis

100 1381 366 1413 excellentissimo
388 1381 474 1419 viro,
505 1379 606 1411 biduo
628 1387 700 1423 post
733 1380 772 1411 ad
798 1381 1025 1423 Imperatorem
1053 1393 1276 1414 ALEXANDRUDI
1312 1384 1428 1427 scripta
1455 1385 1488 1415 in
1513 1385 1628 1423 literis,

102 1449 184 1480 quae
210 1438 415 1481 reperiuntur
438 1438 472 1469 in
495 1439 531 1470 L.
550 1436 670 1468 inders
693 1437 886 1469 Frankreiclz
917 1438 988 1470 und
1021 1440 1195 1479 Russland,
1234 1440 1305 1472 Vol.
1332 1443 1371 1473 Π.
1405 1453 1438 1484 p.
1464 1443 1626 1481 14—16,

105 1505 283 1539 99—102.
313 1501 345 1526 et
371 1497 406 1526 in
433 1498 463 1527 C.
490 1497 656 1527 Ventun'm·
676 1495 835 1526 Russland
860 1495 929 1527 und
945 1496 1178 1529 Deutschlands
1198 1498 1502 1542 Beftezitngslrt'iege,
1523 1499 1593 1532 Vol.
1604 1501 1630 1532 I.

106 1553 186 1584 Edit.
207 1552 290 1594 Belg.
314 1551 439 1587 V01.11.
472 1563 505 1595 p.
527 1551 684 1584 53—56.
715 1559 746 1584 et
768 1552 808 1584 ab
830 1554 902 1596 ipso
926 1556 1138 1597 Imperatore,
1170 1557 1203 1586 in
1230 1555 1334 1587 edicto
1362 1555 1402 1587 ad
1430 1567 1542 1588 omues
1574 1568 1631 1588 na·

105 1610 209 1641 tiones
226 1634 236 1648 ‚
268 1609 387 1652 quibus
416 1616 563 1652 praeest,
597 1611 695 1654 paulo
722 1618 794 1654 post
831 1611 991 1654 Petropoli
1022 1611 1109 1643 edito
1125 1636 1133 1651 ‚
1163 1613 1253 1656 quod
1278 1612 1397 1645 habeut
1420 1624 1552 1657 quoque
1573 1616 1634 1646 Lu*-

108 1666 178 1699 ders
200 1667 221 1699 1.
239 1678 266 1699 c.
293 1679 320 1711 p.
350 1668 548 1700 102—106.
579 1674 610 1700 et
632 1670 800 1700 Ventun'ni
820 1669 839 1701 l.
859 1681 887 1702 c.
910 1681 944 1713 p.
965 1669 1118 1704 56—61.

117 1815 120 1819 ,
151 1782 198 1820 (2
213 1779 233 1817 δ
254 1784 300 1813 Le
329 1784 357 1813 T
355 1785 587 1814 out-Puzss-sant
615 1783 732 1815 arbitre
759 1783 814 1816 des
845 1783 995 1817 destine'es
1019 1784 1074 1817 des
1092 1787 1238 1828 ηατίοηε,
1269 1787 1359 1816 αυοίι
1385 1784 1455 1816 elue
1484 1784 1633 1825 l’ancique

109 1840 242 1883 capitale
261 1839 302 1871 de
324 1840 357 1871 la
381 1843 484 1872 Bussz‘e
499 1865 509 1878 .,
533 1842 600 1885 ajin
627 1852 689 1883 que
709 1853 776 1884 par
800 1853 846 1874 ses
867 1841 1060 1885 souffrances
1086 1842 1145 1874 elle
1171 1844 1289 1874 sauvdt
1314 1849 1347 1874 [a
1369 1845 1474 1874 Russie
1498 1849 1530 1873 et
1548 1840 1632 1872 l'Eu-

110 1908 192 1940 rope.
238 1899 316 1929 SON
337 1900 531 1929 INCENDIE
554 1900 580 1930 A
602 1893 679 1930 ΕἰἘ
701 1899 902 1931 L’AURORE
932 1902 988 1931 DE
1019 1902 1072 1932 [A
1103 1895 1364 1933 DEmvssANcE
1394 1902 1470 1932 DES
1496 1893 1632 1931 ETATS.

111 1955 167 1985 nis
185 1955 290 1986 verbis
316 1956 381 1997 ipse
405 1959 584 1987 Rus-sorum
608 1958 784 2000 Imperator
812 1957 852 1988 de
881 1956 1153 1990 calamitosissima
1181 1958 1278 2000 hujus
1304 1958 1393 1989 urbis
1417 1958 1538 1999 jactura
1567 1965 1633 1985 sen-

114 2011 245 2042 tentiam
261 2012 355 2051 dixit,
381 2013 415 2044 in
432 2012 555 2052 edicto,
581 2012 686 2056 quod.
710 2013 796 2046 bello
813 2014 906 2047 finito
919 2039 928 2054 ‚
951 2022 982 2048 et
1005 2016 1102 2051 rebus
1120 2017 1301 2049 domesticis
1318 2040 1327 2055 ‚
1351 2014 1458 2059 quoad
1474 2023 1544 2057 ejus
1563 2012 1632 2044 fieri

923 2075 946 2102 F
1561 2079 1620 2113 POS
1626 2085 1635 2092 ·
