1940 2474
439 150 957 190 COMMENTATIO
1013 153 1401 188 onear-lom·
1612 167 1650 202 ¹7

125 249 209 278 nium
229 253 256 276 et
278 243 458 274 carboniam.
499 244 618 280 Ineptus
643 243 739 279 itaque
755 242 791 271 ad
808 242 896 271 vitam
918 242 1062 277 alendam,
1084 243 1317 279 sustentandam,
1345 250 1497 274 renovetur
1521 252 1637 275 necesse

127 307 193 336 est,
223 306 312 335 qnare
339 297 368 325 in
392 297 545 332 pulmones
571 296 711 324 adductus
739 293 844 323 efficaci
866 294 920 322 aeti
944 294 1184 330 Atmosphaerico
1218 301 1345 323 recenter
1369 295 1496 325 inlialato
1523 296 1643 333 exponi·

123 358 192 386 tur,
215 358 248 377 ex
265 357 324 384 quo
345 348 424 384 quod
437 347 510 376 desit
528 346 661 382 arripiat,
685 347 764 382 quod
780 346 904 374 abundet
925 346 949 374 ei
966 346 1079 375 reddat:
1103 345 1263 382 exspiratus
1282 353 1375 375 autem
1395 348 1440 375 aer
1454 349 1547 377 multo
1568 357 1640 385 oxy-

126 402 212 440 genio
235 400 352 429 orbatus
373 399 538 434 invenitur,
560 398 645 434 cujus
670 398 736 426 loco
760 397 888 425 succedit
910 406 962 434 gaz
983 397 1095 426 acidum
1116 392 1299 426 cai-bonicum
1321 404 1348 425 et
1367 407 1456 434 aquae
1476 408 1578 435 vapor.

163 453 269 482 Utrum
291 460 358 480 vero
378 456 556 486 assumptum
576 449 632 477 hoc
656 448 830 485 oxygenium
851 454 962 476 tantum
985 448 1135 477 formando
1158 448 1239 477 acido
1260 449 1414 478 cai-bonico
1437 449 1637 486 impendatur,

125 505 205 541 quod
225 503 360 533 affirmant
380 503 429 531 Cl,
451 501 585 529 Allerzius
605 507 632 529 et
653 501 788 538 Pepysius
808 507 836 528 et
857 500 1038 528 Thomsonias
1059 500 1098 535 (1
1111 500 1143 536 )‚
1165 507 1270 528 numve
1288 507 1315 528 et
1338 500 1556 537 Hydrogenium
1574 510 1640 531 san·
1671 533 1674 535 ,

124 556 206 593 guini
224 556 370 588 dematur,
392 562 458 582 cum
474 553 616 590 oxygenio
629 553 832 587 comburatur,
855 557 941 586 atque
958 550 996 578 ita
1009 557 1115 586 partem
1133 560 1222 587 aquae
1236 552 1352 588 vaporis
1376 552 1501 587 aliquam
1519 552 1638 589 efficiat,

123 614 158 636 ut
180 615 310 636 summus
335 606 535 635 Lavoisierias
551 605 659 641 aliique
679 604 742 634 Cel.
766 603 829 631 Viri
846 601 1042 637 contendunt,
1072 610 1133 631 non
1155 602 1201 631 hic
1214 608 1258 631 est
1284 603 1367 631 locus
1390 612 1449 638 quo
1475 604 1641 633 determine⁴

123 664 190 694 tui-3
221 657 342 687 sufficiat
369 665 541 686 memorasse
568 657 733 693 sanguinem
757 663 896 684 venosum
917 654 981 691 (2)
1011 653 1064 681 atri
1089 654 1216 689 coloris,
1245 654 1378 690 specifice
1401 653 1577 691 graviorem,
1607 655 1640 683 in

122 710 194 738 laete
216 709 333 737 rubrum
354 709 501 744 converti,
525 708 664 736 minorem
682 707 866 744 gravitatem,
889 706 1021 742 majorem
1045 713 1112 733 vero
1130 705 1257 734 nancisci
1278 704 1557 742 cofigulabilitatem‚
1578 714 1638 734 ma·

117 760 167 799 gis
189 760 287 797 itaque
308 760 425 797 oxydari
450 765 477 788 et
498 760 623 796 oxydum
650 758 717 787 ferri
738 765 924 795 caeteraque,
945 756 1055 794 quibus
1077 756 1176 786 multis
1196 755 1314 794 sanguis
1334 755 1535 786 constituitur.

814 840 843 875 §.
889 846 934 875 13.

153 915 391 947 Vertebratorum
410 915 575 946 animalium
595 922 651 945 tres
671 916 776 953 primae
798 921 867 945 sunt
886 916 1012 950 classes,
1035 922 1108 951 quae
1127 915 1256 944 omnium
1279 913 1428 943 maximam
1453 914 1547 943 delent
1566 917 1638 950 oxy⁴

115 968 200 1004 'genii
217 969 342 1004 copiam.
387 969 421 997 In
447 968 639 997 mammalium
668 968 930 1005 perfectissimum,
961 967 1103 995 hominem
1135 974 1225 1003 puta,
1256 966 1377 1003 plurima
1406 966 1539 994 instituta
1568 971 1638 993 sunt

117 1019 326 1055 experimentag,
343 1020 527 1048 determinare
545 1020 618 1048 enim
636 1021 791 1048 voluerunt
806 1019 936 1047 Illustres
952 1018 1152 1047 Lavolsierius
1169 1019 1240 1055 (3),
1258 1018 1416 1055 chm'nas,
1431 1017 1552 1055 Davyus
1566 1017 1638 1053 (4),

116 1069 238 1107 Pfaffius
258 1071 345 1107 (5),
368 1071 493 1106 aliique,
513 1077 652 1107 quantum
675 1071 809 1108 oxygonii
829 1071 895 1099 dato
914 1070 1012 1105 aliquo
1029 1069 1166 1106 temporis
1183 1069 1277 1105 spatio
1300 1069 1334 1097 ab
1357 1069 1472 1098 homine
1497 1067 1639 1104 suscipia-

115 1126 181 1155 tur3
212 1121 319 1156 quibus
339 1122 539 1157 experimentis
561 1122 727 1158 colligitur,
756 1122 830 1150 intra
851 1121 1077 1157 nychthemeron
1098 1119 1160 1158 (ό)
1182 1121 1277 1149 XXVI
1297 1121 1383 1157 pedes
1406 1120 1546 1155 cubicos‚
1578 1118 1640 1147 sive

115 1171 234 1200 duarum
257 1172 391 1200 librarum
415 1179 443 1201 et
464 1173 611 1202 unciarum
633 1179 702 1202 octo
727 1172 861 1209 oxygonii
884 1172 997 1208 copiam
1027 1172 1123 1200 deleri.
1171 1171 1250 1200 Haec
1270 1179 1364 1200 tamen
1385 1171 1470 1208 copia
1491 1178 1584 1206 neque
1603 1168 1634 1198 in

113 1222 251 1252 omnibus
269 1223 456 1259 hominibus⁷
477 1233 570 1260 neque
590 1224 704 1253 diverso
721 1230 865 1259 tempore,
893 1230 1003 1259 semper
1018 1230 1062 1252 est
1085 1223 1199 1259 eadem3
1221 1223 1376 1260 probatum
1398 1222 1473 1251 enirn
1498 1228 1560 1257 est,
1581 1226 1639 1250 tes-

112 1273 194 1302 tibus
219 1275 472 1303 obscurationibus
502 1281 532 1303 et
558 1274 664 1310 factis,
695 1275 911 1312 respirationem
939 1283 1001 1302 esse
1030 1274 1211 1303 functionem
1240 1274 1527 1303 Chemico-vitalem
1549 1272 1637 1310 (7),

107 1330 198 1362 atque
219 1325 282 1354 ideo
304 1325 462 1355 admirabili
483 1334 575 1361 neque
599 1326 813 1355 determinando
837 1325 882 1354 vis
906 1325 1000 1354 vitalis
1023 1325 1146 1354 influxui
1168 1334 1230 1354 esse
1251 1326 1422 1362 subjectam.

1566 1374 1638 1403 Cae-

140 1458 194 1490 (1)
207 1461 259 1487 Syn.
275 1460 299 1481 de
315 1460 396 1488 Chim„
411 1462 475 1484 Tom.
489 1461 526 1483 lx.
542 1467 592 1489 pag.
607 1466 649 1488 ³90
664 1467 711 1488 seq.
736 1461 833 1483 Videtur
845 1464 918 1482 autem
931 1460 1065 1487 oxygenium
1079 1465 1144 1482 omne
1161 1459 1260 1488 impendi
1275 1459 1298 1481 in
1305 1458 1431 1481 animalibus
1446 1454 1549 1482 „nguine
1563 1454 1637 1476 ‘'affl‘’

109 1502 184 1530 plenis
199 1502 315 1524 formando
329 1502 394 1524 acido
412 1503 552 1528 cai-bonico3
567 1502 616 1524 vid.
632 1504 701 1523 Traet.
715 1503 738 1524 le
756 1502 848 1529 Chimie,
866 1508 906 1529 par
921 1502 1029 1529 Thenard,
1052 1507 1105 1523 tom.
1121 1507 1143 1527 3.
1163 1509 1186 1529 p.
1201 1506 1250 1526 522.
1267 1500 1316 1522 sive
1333 1506 1389 1521 vero
1408 1497 1534 1524 sanguinem
1549 1501 1637 1523 exyge-

112 1543 171 1570 gium
185 1544 266 1570 intret,
288 1544 335 1565 sive
354 1544 398 1564 hoc
416 1549 482 1565 omne
504 1543 645 1570 impendatur
664 1543 763 1570 sanguini
784 1544 922 1566 detrahendo
941 1543 1071 1566 euboniam
1084 1558 1094 1571 ,
1115 1548 1207 1572 apparet
1229 1547 1302 1564 tamen
1320 1542 1370 1568 iure
1388 1539 1488 1563 affirmari
1508 1537 1637 1565 sanguinem

113 1585 198 1607 dictum
211 1585 340 1606 unci-losum
354 1585 467 1611 exygenio
481 1585 586 1607 ditiorem
599 1590 648 1607 esse
662 1591 756 1607 venoso.

139 1625 195 1654 (2)
209 1627 298 1651 Cursu,
313 1626 382 1646 Anae.
400 1627 468 1652 Comp.
479 1642 487 1653 ‚
505 1627 570 1647 Tom.
585 1627 622 1647 lv.
640 1633 663 1653 p.
678 1626 720 1653 298
734 1631 756 1648 et
773 1631 823 1652 30⁰·

139 1666 193 1692 (3)
211 1667 320 1692 Titanum,
335 1666 351 1687 1.
369 1667 383 1689 1,
400 1668 466 1689 Tom.
479 1667 514 1688 IX.
533 1674 556 1693 p.
571 1667 612 1692 388
627 1672 649 1688 et
662 1668 712 1694 389.

135 1707 190 1736 (⁴)
205 1709 284 1729 Annal.
302 1707 325 1727 a'e
341 1707 406 1728 Chim.
418 1723 424 1733 ‚
440 1709 506 1730 Tom.
517 1714 554 1733 4⁵·
568 1715 592 1735 p.
605 1710 633 1734 98
649 1713 713 1735 seqq.

136 1749 189 1777 (5)
207 1750 282 1770 Amml.
299 1749 323 1769 de
338 1748 404 1770 Chim.
415 1765 423 1775 ,
439 1749 504 1771 Tem.
517 1754 551 1774 55.
568 1756 591 1777 p.
608 1754 656 1776 ¹77·

141 1791 194 1818 (6)
211 1791 261 1813 Vid.
279 1791 340 1813 Cart.
356 1789 485 1818 Spnngem',
502 1791 574 1813 Instit.
592 1790 651 1812 Med.
661 1805 669 1818 ,
684 1791 748 1812 Tom.
764 1790 781 1812 1.
798 1797 821 1818 p.
836 1791 888 1819 484.

137 1831 189 1860 (7)
206 1832 255 1854 Vid.
269 1831 391 1858 Expertiss.
406 1832 492 1859 Onn'jd‚
508 1832 597 1853 vaen
616 1839 662 1854 orer
681 1832 719 1852 den
738 1832 818 1854 u'nvlmi
836 1832 872 1853 der
890 1831 1014 1854 Scheikuudn
1034 1837 1057 1860 op
1078 1833 1102 1855 δε
1122 1831 1213 1860 working
1234 1831 1267 1854 dex
1281 1830 1401 1858 mansion
1413 1830 1523 1857 lichnum,
1539 1825 1635 1851 00ka-

111 1873 237 1901 Magazv'jn‚
260 1875 323 1895 Tum.
340 1874 357 1894 1.
381 1879 430 1900 pag.
446 1879 487 1902 so,
504 1879 538 1901 5⁴.
569 1875 596 1896 Et
616 1873 769 1900 experimenta
785 1880 797 1895 ι
809 1874 836 1895 du
849 1874 947 1896 Pale-rm
961 1874 1061 1897 instituta
1073 1875 1097 1897 in
1109 1880 1191 1898 nervos
1204 1879 1288 1900 vagos;
1304 1874 1356 1896 Arm.
1372 1873 1395 1895 de
1411 1873 1495 1899 Chim,
1512 1872 1576 1894 Tom·
1591 1875 1627 1896 ⁵3·

109 1920 134 1941 p·
149 1913 176 1938 63
188 1919 251 1942 seqq.
267 1919 289 1935 et
302 1915 356 1936 lust.
370 1915 427 1938 Med.
440 1915 568 1944 Sprengelii,
584 1916 650 1938 Tom.
665 1916 683 1938 1.
698 1922 721 1942 p.
735 1916 778 1943 484
792 1914 836 1937 fine
852 1916 873 1943 §.
886 1917 943 1939 2162
958 1921 982 1938 et
995 1922 1053 1944 quae
1066 1917 1158 1944 pulchra
1172 1917 1280 1939 habentur
1297 1916 1320 1938 in
1340 1917 1409 1939 docto
1424 1913 1561 1942 specimine,
1577 1912 1635 1933 unbcr

110 1954 150 1975 dan
166 1955 254 1981 Einfluu
268 1955 304 1975 dar
316 1957 409 1977 animm
423 1956 506 1978 Wiirm
519 1957 560 1978 und
572 1958 633 1979 Kiilte
648 1957 733 1985 aufden
746 1956 840 1978 lebendm
853 1957 1002 1981 Memchlichen
1011 1959 1108 1989 Korper,
1126 1965 1164 1985 ron
1176 1960 1213 1985 W.
1227 1959 1252 1985 F.
1265 1959 1325 1983 Baur
1338 1958 1399 1988 (cino
1411 1964 1449 1982 von
1461 1957 1498 1979 den
1509 1955 1587 1979 Madic.
1597 1953 1639 1976 17⁴·

108 1996 178 2018 ιιιΙιᾰι
190 2002 218 2018 zu
233 1997 329 2027 Coniuge
342 1997 438 2025 gakann
451 1996 603 2028 anchrffl,
617 1999 724 2027 Muburg
738 1998 814 2029 1804)
827 2006 852 2028 p.
866 1998 895 2023 66
913 2000 940 2022 ad
951 2001 989 2026 7⁶.

925 2040 950 2070 C
