1940 2474
191 141 235 176 36
341 143 378 173 G.
413 140 437 171 J.
467 138 501 171 C.
530 146 611 172 vnn
638 137 844 172 MAssoW
872 137 1256 171 COMMENTATIO
1288 138 1533 172 JURImCA'.

191 230 269 260 nulla
292 226 461 264 prohibente
481 225 559 263 Lege
579 227 680 264 (47);
710 225 752 254 sic
768 234 798 254 v.
815 234 842 253 e.
864 225 889 254 si
907 225 974 261 quis
991 234 1007 254 a
1025 225 1162 262 Pupisso,
1184 224 1296 254 Tutore
1319 232 1453 261 auctore,
1473 226 1595 255 fundum
1617 227 1696 257 Tus-

189 281 322 310 culanum
346 277 463 313 emerit,
492 277 571 306 nulia
595 277 649 306 erit
671 277 770 306 Emtio
798 276 956 312 Venarum,
985 276 1043 305 nisi
1066 276 1248 305 intervenerit
1271 276 1415 305 decretum
1440 277 1606 314 Principis,
1635 288 1695 315 quo

190 330 357 359 conceditur
376 329 426 358 ina
444 328 576 358 alienatio
588 346 600 364 ,
629 329 765 364 qnoniam
787 327 884 356 Tutor
905 327 968 364 ipse
991 327 1054 356 sine
1076 328 1247 357 auctoritate
1266 328 1457 364 Magistratus
1474 337 1517 358 res
1537 329 1697 360 immobiles

187 381 293 418 Pupilli
316 381 436 410 alienare
455 380 573 416 nequitr
609 380 666 410 Sed
691 380 763 416 quid
781 379 854 417 juris
876 385 937 414 est,
958 378 984 408 si
1001 387 1031 407 v.
1053 387 1080 407 c.
1105 379 1170 415 quis
1196 380 1226 407 b.
1245 378 1268 408 f.
1292 379 1389 408 emerit
1406 388 1512 416 equum
1530 389 1546 410 a
1560 381 1695 418 Pupiilo,

189 432 365 463 Pro-tutore
386 439 520 468 auctore,
541 440 625 469 quem
644 440 743 460 verum
764 431 903 459 Tutorem
927 438 990 458 esse
1010 430 1148 466 putabat?
1177 430 1262 459 Tunc
1290 431 1315 459 ei
1339 431 1507 460 conceditur
1532 431 1699 461 Publiciana.

190 490 263 513 emta
280 491 310 512 re
330 483 440 520 aliena,
469 483 604 520 quoniam
637 483 683 512 hic
713 489 758 511 est
783 490 861 511 error
888 481 977 518 facti,
1007 481 1058 518 qui
1086 491 1235 519 nunquam
1253 489 1355 518 nocet,
1383 483 1425 512 L.
1447 492 1475 511 2.
1497 483 1537 511 L.
1558 485 1586 512 8.
1603 482 1641 520 ff.
1662 483 1697 511 dc

188 534 280 573 Juris
301 541 329 563 et
341 535 423 572 facti
442 537 625 573 ignorantia.

225 586 315 625 Quod
335 587 370 616 ad
388 586 495 624 Legem
518 587 587 616 XN
609 586 732 622 attinet,
759 586 833 615 hanc
858 585 960 614 iterum
984 585 1125 622 explicare
1148 585 1326 622 superfluum
1351 586 1421 622 erit,
1451 594 1517 615 cum
1543 587 1604 623 ejus
1634 592 1696 614 sen-

188 638 303 667 tentiam
325 639 381 675 jam
401 647 489 675 supra
508 639 710 675 exposuerim,
740 646 800 666 eam
822 637 944 667 referens
964 637 1038 666 inter
1061 645 1166 673 casus,
1196 637 1302 674 quibus
1322 638 1406 667 datur
1427 637 1595 667 Publiciana
1613 637 1644 665 b.
1669 635 1697 666 f.

186 690 350 726 possessori
372 691 509 720 adversus
525 699 624 720 verum
644 684 819 721 Dominum.

705 792 758 820 Ad
774 792 880 830 Legem
899 791 955 820 XV
976 798 1003 819 ct
1023 797 1176 829 sequentes.

224 894 332 931 Magna
359 900 417 923 erat
445 895 517 922 inter
535 899 643 922 veteres
664 893 757 931 JCtos
782 892 942 927 dissensio,
968 901 1003 921 an
1028 901 1078 929 per
1098 899 1212 921 servum
1235 890 1393 928 fugitivum
1421 891 1567 927 acquirere
1594 894 1699 926 posset·

188 944 332 975 Dominus
353 946 457 984 (48)'.²
479 945 623 982 Julianus
647 951 674 974 et
699 945 813 974 Cassius
836 944 866 973 in
887 944 926 973 L.
945 953 972 973 1.
997 944 1026 980 §.
1042 953 1087 980 14.
1098 942 1136 980 ff.
1148 943 1182 972 dc
1196 952 1260 981 aeq.
1277 952 1305 972 ν.
1321 953 1380 972 am.
1395 950 1468 981 poss.
1489 941 1698 971 contendebant

188 996 346 1026 Dominum
369 1005 490 1033 corpore
510 996 586 1025 servi
609 995 765 1031 acquirere.
814 995 962 1024 Neratius
980 1000 1080 1023 contra
1108 995 1139 1023 in
1162 995 1254 1023 eadem
1283 993 1362 1030 Lege
1389 994 1490 1022 statuit
1512 1001 1562 1030 per
1582 1000 1696 1022 servum

186 1048 345 1085 fugitivum
364 1049 406 1078 nil
423 1048 575 1085 possideri.
624 1047 794 1085 Pomponius
817 1046 848 1076 in
866 1047 945 1083 Lege
970 1052 1068 1076 nostra
1091 1046 1194 1082 docet,
1220 1045 1379 1077 Dominum
1409 1046 1484 1074 servi
1507 1044 1626 1082 fugitivi
1647 1045 1697 1074 ha-

187 1100 253 1129 bere
269 1101 484 1136 Publicianam,
506 1099 531 1129 si
553 1107 652 1129 servus
677 1099 707 1128 in
731 1098 799 1136 fuga
821 1098 891 1135 quid
911 1098 1009 1127 emerit
1029 1106 1044 1127 a
1065 1106 1125 1128 non
1143 1098 1289 1134 Domino,
1311 1097 1379 1126 licet
1404 1105 1447 1126 res
1470 1097 1495 1126 ei
1514 1105 1564 1133 per
1581 1104 1696 1126 servum

187 1152 290 1181 tradita
308 1161 369 1181 non
394 1152 503 1188 fuerit,
524 1151 555 1180 id
570 1157 632 1188 est,
654 1151 721 1180 licet
738 1159 859 1188 corpore
870 1159 926 1179 suo
939 1159 996 1179 rem
1012 1155 1115 1179 emtam
1125 1159 1186 1180 non
1199 1148 1427 1187 apprehenderit.
1468 1148 1538 1178 Non
1551 1148 1699 1185 probanda

184 1203 258 1233 mihi
277 1204 391 1234 videtur
411 1213 510 1233 eorum
531 1203 651 1240 opinio,
681 1203 732 1240 qui
755 1202 812 1232 sub
834 1202 878 1231 his
902 1202 998 1232 verbis
1016 1202 1086 1240 JCti
1107 1202 1274 1240 intelligunt
1299 1209 1414 1231 servum
1438 1201 1522 1229 illum
1540 1200 1698 1238 fugitivum

186 1254 219 1283 in
240 1256 356 1286 alterius
379 1256 596 1294 possessionem
629 1254 783 1292 incidisse3
812 1262 882 1284 tunc
910 1254 984 1284 enim
1013 1254 1142 1284 Domino
1167 1263 1222 1283 suo
1248 1253 1290 1283 nil
1319 1253 1463 1288 acquirere
1489 1256 1608 1288 potest,
1634 1257 1699 1283 nam

187 1313 289 1335 servus
310 1315 327 1335 a
349 1309 465 1337 duobus
488 1309 585 1338 eodem
609 1313 735 1344 tempore
752 1307 782 1336 in
807 1306 1095 1344 solidumpossideri
1113 1306 1224 1342 nequit.
1253 1305 1292 1334 L.
1315 1314 1342 1341 3.
1364 1305 1392 1341 §.
1415 1311 1444 1340 5.
1462 1302 1499 1340 ff.
1522 1301 1582 1330 eod.

183 1378 186 1382 Α
226 1357 312 1386 Licet
329 1358 426 1393 plures
453 1358 513 1386 sint
529 1368 635 1390 casus,
665 1359 774 1390 quihus
795 1359 877 1387 datur
900 1358 1068 1388 Publiciana
1088 1359 1223 1388 advemm
1248 1356 1424 1386 nummum,
1452 1354 1482 1383 id
1503 1360 1596 1383 tamen
1618 1360 1700 1389 regu-

180 1406 283 1437 -lax-iter
302 1411 402 1438 verum
425 1417 484 1437 non
505 1415 559 1437 est.
601 1405 745 1435 Dominus
768 1401 841 1431 enim
864 1409 917 1438 pro
937 1408 967 1429 se
989 1400 1074 1428 habet
1094 1397 1289 1434 exceptionem
1310 1396 1384 1433 justi
1398 1396 1548 1432 Dominii,
1569 1404 1597 1426 et
1609 1399 1698 1428 acdo-

189 1466 254 1487 nem
276 1460 405 1494 civilem,
428 1468 500 1495 quae
518 1458 617 1495 potior
641 1463 683 1485 est
707 1454 857 1492 praetoria.
904 1452 1048 1480 Praeterea
1072 1448 1198 1485 aequitas
1219 1456 1279 1477 non
1307 1448 1432 1484 patitur,
1461 1454 1495 1476 ut
1516 1448 1547 1476 b.
1574 1448 1597 1477 f.
1629 1444 1699 1485 pos-

191 1518 289 1538 sessor
313 1510 410 1546 potior
434 1512 572 1539 habeatur
594 1510 659 1546 ipso
680 1506 818 1536 Domino.
860 1503 950 1539 quue
971 1504 1055 1532 docet
1073 1501 1219 1530 Neratius
1233 1499 1263 1529 in
1286 1499 1325 1528 L.
1341 1500 1396 1528 ult.
1418 1507 1482 1528 cum
1495 1499 1612 1528 Praetor
1624 1500 1697 1529 hanc

180 1561 329 1590 -ac‘tionem
354 1561 508 1590 instituens
535 1563 566 1589 b.
590 1559 612 1588 f.
640 1565 838 1595 possessorem
867 1555 940 1584 tueri
969 1553 1092 1583 voluerit
1119 1552 1253 1580 adversus
1283 1559 1482 1587 quemcunque
1512 1557 1694 1587 extraneum,

191 1614 272 1644 nqu
296 1612 382 1641 titulo
407 1612 620 1648 possidentem,
642 1618 702 1638 non
723 1615 817 1638 autem
837 1609 900 1644 jura
921 1606 1039 1635 Domini
1058 1613 1109 1642 per
1130 1604 1202 1633 hanc
1219 1603 1360 1633 actionem
1376 1601 1542 1638 imminuit,
1563 1602 1621 1631 nisi
1634 1601 1697 1639 ipsa

188 1661 318 1698 aequitas
339 1664 472 1699 suadeat,
492 1662 651 1692 Dominum
674 1663 704 1690 b.
727 1660 752 1689 f.
775 1658 940 1696 possessori
961 1665 1137 1694 postponere
1156 1655 1248 1693 (49).

705 1737 1182 1772 TANTUM.

1144 1825 1228 1855 comt
1233 1824 1316 1853 amia
1336 1828 1363 1851 et
1384 1821 1493 1851 labore.

219 1881 284 1911 (47)
302 1884 336 1906 Cs.
354 1883 400 1908 Cui.
414 1882 442 1903 ad
463 1881 490 1903 L.
506 1887 543 1906 so.
565 1882 591 1903 V.
610 1882 637 1904 Ο.

220 1925 283 1950 (48)
299 1925 335 1946 Cf.
351 1924 402 1944 Am.
420 1924 484 1944 Faber
498 1925 520 1944 in
533 1924 586 1945 Ru.
603 1922 631 1942 ad
644 1922 664 1944 Ιι.
680 1923 696 1944 1.

219 1965 283 1992 (49)
300 1966 334 1987 Cf.
350 1964 460 1986 Bachoviux
478 1964 502 1985 de
519 1964 571 1987 Act.
586 1963 647 1990 ΒΜ.
662 1968 683 1989 3.
703 1964 722 1989 §-
737 1968 774 1990 ²³·
