1940 2474
234 133 282 169 ΞΟ
585 129 967 166 ΑΒΗΑΗΑΜῘ-
1025 130 1404 168 ’(ΖΑ-ΡΑΒ-ΟΕἸΕ

234 221 352 260 putrido
373 220 518 251 laborante
535 220 614 250 nulla
642 220 837 258 corruptionis
867 220 971 251 indicia
992 229 1103 257 praese
1126 222 1215 256 ferre,
1244 223 1294 250 sed
1318 224 1400 251 etlam
1429 222 1457 251 in
1482 222 1634 260 cadavere,
1659 224 1756 253 dum-

239 275 326 303 modo
346 273 404 301 cito
424 279 491 309 post
512 278 631 301 mortem
655 274 879 309 experimentum
904 273 933 301 in
956 282 989 301 eo
1010 273 1194 302 instituatur:
1217 273 1337 302 simulac
1359 283 1426 303 vero
1449 274 1507 302 vita
1522 280 1584 304 'un-a
1606 284 1670 304 cum
1695 276 1759 305 illm

237 324 317 354 vitali
342 330 458 360 turgore
476 324 579 360 periit,
602 331 674 354 tum⁴
690 326 807 355 cadaver
823 325 879 353 sibi
904 324 1053 360 relictum,
1076 325 1145 353 aeris
1170 325 1313 361 potentiae
1330 332 1358 354 et
1375 321 1577 362 temperaturae
1597 334 1657 355 non
1674 327 1759 356 infra„

237 378 290 412 320
312 375 344 403 F.
370 375 551 411 expositum,
574 376 666 412 primo
691 377 779 412 magis
801 375 949 412 magisque
968 375 1116 404 flaccidum
1139 376 1188 411 fit,
1217 382 1315 404 motus
1341 378 1481 405 excitatur
1504 377 1677 412 intestinus,
1698 386 1748 407 co-

234 427 281 455 lor
301 426 536 454 naturalis..cum
570 426 676 462 pallido
708 433 735 455 et
762 427 851 455 livido
882 433 1099 462 commutatur,
1128 428 1330 456 dissolvuntur
1359 429 1502 465 principia
1538 428 1761 465 constitutiva*

234 486 384 513 novasque
411 476 639 513 compositiones
671 478 770 507 ineunt
799 479 956 507 secundum
993 479 1189 508 determinatas
1221 486 1247 507 et
1278 486 1443 507 constantes
1475 481 1550 516 leges
1583 480 1749 508 Chemicas.

232 529 296 566 (62)
319 528 395 556 Huic
420 537 487 556 vero
510 528 717 564 putrefactioni
743 529 892 558 resistendi
922 529 1105 565 facultatem,
1129 531 1201 558 hanc
1225 531 1470 559 conservationem
1494 530 1625 566 corporis
1648 529 1677 558 in
1697 529 1763 558 sust<

228 580 313 611 vitali
333 580 491 614 minione,
514 588 572 607 non
588 580 708 615 pendere
726 589 741 608 a
760 582 844 609 certat
859 587 886 609 et
910 581 1093 609 determinata
1115 581 1236 616 partium
1267 582 1486 618 aggregatione,
1511 580 1704 617 dispositione
1724 585 1752 608 et

232 630 348 666 forma,
377 632 427 659 sed
451 632 577 667 gencrale
600 631 737 667 cujusvis.
754 631 844 667 partis
876 631 905 660 in
930 633 1063 668 organica
1091 633 1191 660 natura
1222 641 1284 661 esse
1313 632 1503 668 attributum,
1533 631 1633 661 exinde
1653 637 1764 667 patet,⁴

238 683 319 718 quod
339 682 566 716 eodemmodo,
590 690 622 709 ac
645 688 736 710 totum
765 691 871 718 corpus
903 684 1022 712 animale
1055 684 1155 712 vivum
1183 692 1247 711 cum
1278 683 1339 712 suis
1365 684 1498 720 partibus
1514 691 1670 718 numquam
1695 690 1750 718 pu-

233 731 413 760 trefactionis
445 731 527 760 offert
552 732 675 768 indicia,
704 733 762 762 vita
789 734 872 762 etiam
904 734 933 763 in
958 735 1070 770 plantae
1096 735 1237 772 germine⁷
1267 734 1296 763 in
1323 729 1427 764 omnis*
1443 735 1570 764 animalis
1592 733 1764 770 primordio.

231 789 296 811 ante
320 783 473 818 perfectam
506 783 628 818 partium
659 784 879 820 dispositionem
906 792 933 814 et
965 785 1087 814 formam.
1116 786 1188 815 idem
1218 785 1277 813 fieri
1308 787 1491 815 observatum
1513 787 1562 816 sit.
1605 785 1682 813 Haec
1703 793 1752 813 au-

233 839 290 861 tem
314 832 454 868 separatio
475 833 683 868 principiorum
705 841 731 862 et
756 835 910 870 insequens
934 839 1055 871 putredo
1076 845 1135 865 non
1163 837 1196 864 in
1216 837 1351 865 omnibus
1374 838 1521 874 organicae
1544 843 1659 865 naturae
1680 835 1766 864 indi--v

231 883 329 912 viduis
349 891 438 918 acque
459 883 517 912 cito
532 884 679 920 procedit,
702 892 728 913 et
748 885 862 920 quidem
882 887 1135 922 eolentius„q110
1159 887 1261 915 mixtio
1281 887 1563 922 fue1·itsimplicior;
1588 887 1646 922 sic,
1669 895 1698 915 v.
1720 895 1753 923 g:

231 942 248 963 e
263 943 350 970 regno
367 934 518 970 vegetabili
531 935 657 964 lichenes
668 957 677 970 ‚
688 968 692 969 ⁷
704 936 830 972 aliaeque
844 938 974 972 plantae,
996 937 1146 973 praecipue
1165 945 1223 965 non
1237 938 1436 972 succulentae‚
1458 943 1599 965 consueto
1617 937 1767 965 alimento*

233 993 284 1021 per
302 986 414 1021 insigne
439 991 553 1020 tempus
574 986 737 1022 privantur,
761 987 799 1015 ita
821 994 853 1015 ut
873 997 984 1016 omnem
1005 988 1080 1016 vitae
1100 990 1233 1025 ἐνεργείαν
1250 988 1409 1016 extinctam
1423 996 1488 1015 esse
1506 987 1605 1015 debere
1619 987 1724 1016 dixeris
1736 995 1750 1023 ς

232 1042 356 1064 attamen
378 1045 436 1064 non
465 1036 523 1064 cito
548 1037 707 1072 putredinis
735 1038 815 1074 signa
845 1046 992 1075 apparent.
1033 1039 1131 1076 Hujus
1154 1039 1341 1075 phaenomeni
1366 1046 1451 1067 causa
1474 1038 1671 1066 videturesse
1690 1038 1755 1073 ipsa

235 1086 375 1115 Chemica
401 1088 562 1123 plantarum
589 1089 784 1124 compositio,
814 1099 887 1126 quae
914 1091 1068 1120 nonvadeo
1096 1091 1124 1118 in
1150 1090 1371 1119 dissolutionem
1395 1097 1484 1123 prona
1507 1095 1567 1123 cst,
1596 1088 1646 1116 sed
1665 1087 1771 1125 magis.

228 1137 258 1168 in
283 1138 526 1167 exsiccationem.
580 1139 645 1168 Hoc
678 1141 816 1176 probatur
847 1150 900 1177 eo,
940 1143 1020 1177 quod
1052 1141 1169 1175 quaevis
1198 1140 1314 1175 planta,
1345 1148 1404 1175 quo
1426 1139 1516 1175 magis
1544 1139 1758 1175 compositione

235 1190 289 1217 sua
309 1190 428 1219 accedat
449 1191 484 1219 ad
511 1191 657 1220 animalem
681 1198 831 1226 naturam,
855 1202 888 1219 eo
912 1193 1007 1219 citius
1022 1192 1050 1219 in
1076 1191 1251 1227 putredinem
1276 1197 1384 1227 vergat.
1427 1190 1473 1218 Sic
1502 1199 1600 1219 omnes
1626 1191 1768 1226 plantae„

240 1249 312 1275 quae
340 1242 439 1277 gluten
464 1248 491 1269 et
518 1242 653 1270 albumen
686 1243 771 1279 (7),
801 1251 926 1278 quorum
955 1242 1067 1270 indoles
1105 1251 1189 1277 quam
1224 1242 1354 1278 proxime
1382 1241 1490 1270 accedit
1520 1243 1555 1271 ad
1586 1241 1770 1277 animalem‚.

238 1291 339 1326 majori
359 1291 443 1326 copia
465 1292 633 1325 continent,
658 1294 749 1321 multo
771 1293 858 1321 citius
879 1300 1066 1329 putrescunt⁷
1096 1302 1181 1328 quam
1203 1302 1275 1329 quae
1298 1293 1334 1321 iis
1356 1292 1508 1328 principiis
1530 1299 1624 1321 carent
1639 1313 1648 1327 ,
1676 1293 1774 1320 dum--

240 1342 327 1369 modo
349 1341 528 1370 conditiones
559 1342 661 1370 adsint*
677 1343 863 1377 necessariae,
895 1344 1110 1378 humiditatem,
1140 1351 1229 1380 puto,
1256 1352 1282 1372 et
1310 1351 1456 1372 accessum
1483 1343 1552 1370 netis
1577 1351 1636 1371 non
1669 1342 1769 1371 nimis>

242 1391 351 1427 frigidi.
394 1392 536 1427 Exemplo
558 1393 617 1420 sint
639 1393 766 1420 triticum
788 1400 967 1429 caeteraeque
984 1395 1099 1429 plantae
1120 1394 1300 1423 farinaccae..

276 1442 323 1471 Ex
346 1444 377 1471 ea
398 1442 523 1478 simplici
542 1443 700 1478 plantarum
729 1444 963 1479 compositione,
991 1451 1018 1472 et
1039 1445 1156 1480 speciali
1177 1444 1384 1480 principiorum
1406 1443 1613 1480 proportione,
1631 1444 1752 1479 pendere

245 1493 358 1522 videtur
378 1494 452 1522 vitae
467 1502 561 1522 earum
578 1494 724 1523 tenacitas.
766 1494 847 1523 Hanc
864 1501 938 1523 certe
958 1504 1042 1523 nemo
1061 1495 1167 1531 plantis
1184 1495 1351 1532 denegabit,
1374 1496 1399 1523 si
1415 1495 1590 1530 meminerit,
1612 1495 1767 1523 Illustrenr.

240 1544 398 1573 Hallerum
417 1545 522 1572 multas
543 1553 709 1573 muscorum
731 1545 840 1582 species
863 1555 913 1582 per
933 1546 1058 1582 plurium
1075 1555 1212 1575 annorum
1234 1546 1359 1582 spatium
1377 1546 1496 1575 siccatas
1520 1554 1664 1581 servasse,
1687 1545 1767 1574 dein-—

240 1604 308 1623 vero
332 1604 404 1631 aqua
426 1595 586 1624 stimulatas
609 1595 638 1624 in
662 1596 781 1625 activam
805 1596 891 1624 vitam
916 1597 1017 1625 iterum
1041 1606 1199 1627 revocasse.
1248 1597 1313 1626 Hoc
1334 1605 1427 1626 autem
1455 1598 1544 1625 latens
1569 1597 1654 1625 vitale
1677 1595 1756 1633 prin-

239 1645 348 1682 cipium
377 1654 436 1674 non
463 1647 571 1675 tamdiu
601 1647 714 1683 legibus
745 1648 892 1676 Chemicis
922 1649 1051 1677 resistere
1078 1649 1242 1685 potuisset,
1272 1650 1297 1677 si
1321 1648 1461 1685 principia
1488 1649 1570 1676 talem
1598 1647 1692 1675 nisum
1722 1646 1764 1674 in*

241 1696 438 1731 putredinem,
469 1698 562 1732 qualis
582 1697 695 1725 animali
725 1698 856 1727 mixtioni
881 1706 942 1734 cst,
964 1701 1108 1729 haberent.
1156 1701 1229 1729 Sunt
1254 1706 1345 1728 tamen
1368 1698 1531 1735 imperfecta
1555 1705 1672 1732 qnoque
1694 1697 1754 1725 ani-

241 1747 341 1782 malia,
364 1755 435 1783 quae
458 1753 514 1776 tam
538 1748 662 1784 simplici
679 1748 976 1786 mixtionegaudent⁹
999 1758 1031 1779 ut
1054 1751 1210 1780 secundum
1233 1751 1363 1780 Reiliam
1383 1758 1433 1786 per
1452 1750 1550 1786 plures
1575 1756 1665 1776 annos
1686 1748 1763 1776 abs·-

1698 1807 1753 1835 que

268 1874 319 1902 (6)
335 1875 426 1900 Duru,
450 1875 523 1896 Perae.
544 1875 568 1896 de
583 1875 643 1903 Phyt.
667 1878 730 1898 Tom.
747 1878 766 1899 l.
787 1878 856 1904 (hap.
873 1884 892 1899 a.
916 1884 963 1905 pag.
978 1885 1017 1905 40:

265 1915 280 1942 ζ
285 1915 317 1941 7)
332 1916 381 1937 Hoc
395 1921 484 1942 apparet
497 1923 525 1937 ex
545 1918 712 1945 comparatione
725 1919 887 1947 principiorum
900 1919 974 1941 luxum
987 1921 1111 1947 plantarum
1124 1924 1147 1941 et
1160 1918 1294 1945 animalium.
1329 1920 1396 1944 cons.
1415 1918 1529 1947 anray,
1543 1917 1669 1946 Philosophia
1681 1915 1758 1940 clim-z

240 1956 287 1981 :Ht-
299 1956 326 1980 X.
348 1955 368 1983 §-
380 1961 417 1978 ιι.
437 1963 461 1984 p.
479 1962 533 1982 ιοο.
543 1974 551 1977 ,
