1940 2474
521 168 1043 205 COMMENTA'MO
1109 166 1459 202 suntntca.¹
1700 177 1737 211 ¹7

229 255 288 289 fflis
312 257 483 287 suburbanis
511 260 557 288 vel
584 259 700 288 rusticis
723 259 822 294 emtis;
853 266 916 286 nam
945 262 1071 294 tempore
1097 257 1220 295 Ulpiani
1242 256 1400 293 prohibitio
1428 261 1520 285 rerum
1546 254 1751 285 immobilium.

231 309 271 337 ad
287 309 348 337 sola
371 309 483 338 Praedia
508 312 634 346 rustica,
656 311 701 338 vel
723 309 864 344 Urbana,
887 308 1068 337 referebatur.
1108 308 1209 337 Postea
1230 308 1264 336 ad
1286 307 1355 336 alias
1384 316 1427 336 res
1450 314 1564 336 extensa
1582 314 1636 335 est.
1676 306 1737 335 Has

228 368 277 388 tes
294 359 394 389 Minor
405 360 527 390 alienare
543 371 601 391 non
621 368 748 398 poterat,
770 368 805 389 ne
821 366 937 388 auctore
954 360 1067 395 quidem
1078 360 1236 394 Curatore,
1258 358 1314 387 nisi
1331 358 1534 387 interveniente
1547 359 1659 386 decreto
1672 357 1738 386 Ma-

231 410 381 447 gistratus.
422 413 494 448 Sed,
517 420 549 441 ut
571 419 744 441 revertamus
772 412 806 439 ad
834 412 861 447 §.
877 420 905 439 2.
935 411 973 439 L.
989 420 1017 447 7.
1045 411 1086 439 ibi
1109 420 1124 439 a
1154 410 1289 438 facultate
1313 409 1500 445 usucapiendi
1527 418 1601 445 rem,
1625 408 1738 438 tametsi

229 470 245 490 a
269 461 381 491 furioso
404 470 526 499 emtam,
552 463 699 493 concludit
725 462 868 500 Ulpianus
888 463 923 491 acl
941 461 1106 491 facultatem
1135 461 1303 490 instituendi
1324 460 1520 492 Publicanam.
1560 460 1606 489 Ab
1627 468 1660 488 eo
1680 460 1738 488 val-
1764 491 1767 494 ,

231 512 265 541 de
284 513 418 542 dissentit
439 514 551 543 Paulus
571 515 600 544 in
624 516 662 543 L.
681 524 709 542 2.
732 515 762 550 ς.
783 514 830 542 16.
852 521 909 551 pro
934 513 1073 548 Emtorc,
1103 512 1153 541 ubi
1174 513 1212 540 ita
1227 512 1334 549 JCtns.
1377 533 1394 547 „
1410 512 1441 540 Si
1462 521 1478 540 a
1501 511 1633 546 furioso,
1655 519 1738 547 quem

232 583 251 599 ,,
272 571 371 600 putem
391 574 474 594 sanae
502 565 621 601 mentis,
651 573 763 600 emero,
794 565 926 593 constitit
958 572 1114 600 usucapere
1139 563 1271 591 utilitatis
1292 572 1377 592 causa
1398 572 1443 592 me
1465 571 1572 599 posse,
1603 562 1736 598 quamvis

232 635 251 650 ‚‚
271 616 350 644 nulla
370 623 446 645 esset
462 616 580 652 Emtio,
598 624 630 645 et
649 617 770 651 ideoque
793 624 885 651 neque
904 616 938 644 de
951 615 1110 644 Evictione
1134 614 1209 643 actio
1237 616 1370 643 nascitur
1389 614 1479 650 mihi,
1508 623 1559 642 nec
1575 613 1742 642 Publiciana

228 685 252 703 2,
271 669 424 704 competit,
450 676 502 696 nec
521 667 651 701 accessio
678 666 911 704 possessionis-’³
945 666 1009 703 Jam
1032 674 1120 701 supra
1148 666 1178 693 in
1205 664 1244 694 L.
1265 674 1309 701 14.
1330 665 1367 701 ff.
1391 666 1426 694 de
1447 666 1569 702 Legibus
1588 666 1741 699 docuerat,

230 719 312 752 quod
332 724 431 746 contra
451 719 524 755 juris
545 719 683 748 rationem
702 719 900 753 introductum
921 723 1075 754 essetrnon
1092 716 1307 752 producendum
1331 717 1366 743 ad
1388 716 1622 751 consequentias.
1662 715 1742 750 Hic,

229 768 261 796 in
279 769 318 797 L.
334 779 362 797 2.
385 770 414 805 5.
434 771 479 798 16.
502 778 573 805 quac
592 776 636 797 est
656 778 690 798 ex
708 771 804 803 eodem
828 769 867 796 L.
885 776 933 804 54.
957 769 992 796 ad
1015 767 1171 802 Edictum,
1201 775 1234 795 ex
1259 775 1318 801 quo
1342 767 1472 795 desumta
1495 773 1538 795 cst
1559 766 1608 794 illa
1625 765 1665 794 L.
1682 774 1740 805 14,

226 819 352 847 eamdem
370 820 528 848 doctrinam
549 819 751 855 complectitur
764 819 858 855 JCtus
870 840 879 854 ,
902 818 987 847 tacite
1003 818 1168 854 improbans
1186 818 1308 855 Ulpiani
1325 817 1504 845 sententiam.
1545 816 1629 845 Varie
1643 817 1743 857 locum

226 868 311 901 hunc,
329 869 500 906 Interprctes
523 871 675 899 conciliare
691 870 792 899 *conati
817 876 900 904 sunt,
921 869 985 897 aliis
1007 869 1121 904 quidem
1145 868 1406 905 distinguentibus,
1429 874 1526 896 utrum
1544 867 1675 896 furiosus
1694 874 1740 896 res

225 928 312 955 suas,
333 929 370 949 an
389 921 515 956 alienas,
535 922 566 954 b.
583 921 612 948 tf.
637 930 804 957 possessas,
826 920 984 949 vendiderit
1010 920 1115 957 (17),
1141 919 1204 948 aliis
1230 928 1298 948 vero
1329 919 1556 954 affirmantibus,
1585 927 1649 946 eum
1679 925 1740 947 non

221 977 278 1009 pro
300 971 438 1007 Emtorc,
466 973 515 1001 sed
533 980 589 1010 pro
614 982 661 1001 suo
678 980 843 1009 usucapere
868 980 965 1008 posse.
1007 971 1069 999 Imo
1100 978 1187 1006 sunt,
1218 972 1267 1007 qui
1288 970 1463 999 antinoniam
1479 955 1537 998 «hic
1560 974 1741 1010 agnoscaut3

221 1022 280 1057 qui
293 1029 387 1051 tamen
404 1023 527 1061 Ulpiani
541 1024 729 1061 sententiam,
745 1031 878 1059 tanquam
900 1023 1115 1057 humaniorem,
1132 1022 1222 1050 Pauli
1240 1021 1403 1058 praeferunt
1412 1021 1568 1050 sententiae
1578 1021 1661 1058 (18).
1683 1019 1740 1048 Sed

227 1080 294 1102 eum
315 1074 395 1102 nulla
412 1075 569 1104 antinomia
589 1076 761 1105 admittenda
785 1082 843 1111 est,
867 1074 916 1102 ubi
938 1066 1102 1102 conciliatio
1124 1073 1183 1101 dari
1206 1079 1322 1109 potest,
1344 1073 1444 1109 potius
1469 1073 1515 1115 liic
1539 1072 1595 1113 levi
1616 1070 1740 1110 remedio

226 1125 384 1161 utendum,
406 1135 491 1162 quam
512 1128 697 1156 antinomiam
720 1127 925 1164 agnoscendam
950 1131 1041 1161 puto,
1073 1124 1098 1153 si
1117 1133 1166 1160 per
1187 1126 1338 1159 nascitur,
1366 1125 1517 1162 competit,
1544 1113 1742 1159 intelligamus

227 1183 415 1212 nasceretur,
435 1185 622 1216 competeret‚·
643 1187 695 1207 nec
718 1187 784 1207 sane
805 1178 968 1212 emendare,
990 1177 1069 1205 nulla
1098 1175 1188 1217 enixis
1220 1175 1407 1210 auctoritate,
1434 1175 1519 1203 nobis
1543 1175 1628 1209 licet,
1651 1173 1690 1200 ita
1711 1177 1745 1200 ut

226 1233 329 1255 sensus
350 1227 438 1264 Legis
458 1230 504 1258 hic
527 1231 586 1259 sit:
630 1230 681 1266 qui
704 1239 718 1258 a
739 1229 853 1257 furioso
878 1228 944 1257 emit
960 1249 969 1262 ,
1000 1224 1111 1263 putans
1127 1236 1190 1255 cum
1211 1235 1293 1255 sanae
1315 1216 1420 1254 mentis
1441 1234 1523 1260 esse,
1551 1234 1616 1253 eum
1640 1231 1745 1252 usuca-

221 1284 293 1312 -pcre
311 1286 419 1314 posse,
445 1280 577 1309 utilitatis
593 1290 681 1310 causa
698 1281 894 1310 introductum
917 1285 976 1314 est;
1000 1278 1152 1314 quamvis,
1175 1278 1276 1306 stricto
1290 1279 1352 1314 jure
1369 1278 1450 1313 (quo
1473 1276 1602 1304 furiosus
1623 1274 1740 1305 nullum

224 1328 373 1364 Πέἕῡῖῑωῐῖ
400 1339 494 1366 gerere
516 1339 613 1367 potest
635 1333 673 1360 L.
691 1341 738 1367 70.
760 1331 790 1367 §-
809 1338 837 1367 5.
854 1330 896 1358 ‚de
921 1329 1173 1369 fidejussoribus)
1194 1337 1247 1356 nec
1272 1329 1329 1356 ulla
1354 1334 1436 1355 esset.
1454 1326 1574 1369 Emtio,
1599 1332 1650 1353 nec
1672 1324 1746 1352 mihi

223 1377 260 1406 de
280 1378 435 1407 Evictione
452 1388 622 1410 nasceretur
644 1382 741 1416 actio,
762 1389 813 1408 nec
835 1379 1089 1412 mihicompezerec
1100 1378 1286 1411 Publiciana,
1309 1386 1360 1405 nec
1381 1376 1510 1404 accessio
1529 1373 1746 1408 possessionis,

220 1425 255 1454 id
272 1432 317 1454 est
336 1426 493 1461 Tempus,
515 1435 574 1461 quo
598 1427 738 1454 Venditor
761 1434 818 1453 rem
847 1433 1003 1460 usucapere
1027 1425 1172 1467 coeperit,
1201 1427 1236 1454 ad
1264 1423 1353 1455 meam
1379 1426 1597 1462 Usucapioucm
1621 1426 1743 1461 implen-

228 1477 312 1511 dam,
333 1476 403 1505 mihi
423 1477 505 1505 nullo
528 1477 615 1504 modo
639 1476 798 1512 prodesset.
839 1475 893 1503 Sed
914 1475 1050 1511 quoniam
1067 1475 1096 1503 in
1117 1475 1242 1504 favorem
1259 1477 1289 1505 b.
1315 1477 1337 1506 f.
1360 1485 1504 1514 receptum
1524 1483 1585 1512 est,
1607 1483 1639 1504 ut
1660 1475 1740 1504 Usu·

220 1527 311 1563 ‚capio
342 1527 396 1556 Rei
421 1527 458 1555 ita
487 1527 617 1555 venditae
635 1528 744 1562 valeat,
770 1525 852 1554 etiam
878 1535 912 1554 cx
942 1528 1034 1555 eadem
1065 1526 1175 1555 ratione
1198 1527 1364 1557 Publiciana
1391 1529 1576 1564 conceditur,
1599 1526 1746 1563 quidquid

176 1616 179 1621 Ι
222 1578 301 1608 enim
323 1578 444 1615 usucapi
464 1584 562 1614 potest
582 1578 750 1607 Publiciana
774 1577 856 1605 etiam
879 1567 996 1612 petitur.
1040 1577 1089 1605 Sic
1119 1578 1210 1615 Leges
1241 1579 1304 1607 illac
1331 1580 1402 1608 mihi
1433 1581 1566 1609 videntur
1587 1578 1745 1608 concilian-

227 1629 298 1664 dae,
323 1635 350 1657 et
373 1629 450 1658 illam
477 1629 652 1659 locutionem
677 1638 692 1658 a
713 1628 806 1658 Paulo
829 1628 905 1656 haud
925 1628 1043 1657 alienam
1069 1637 1133 1658 esse
1161 1636 1239 1666 patet
1263 1639 1296 1660 ex
1321 1632 1360 1660 L.
1377 1642 1424 1660 20.
1447 1633 1476 1669 §.
1493 1642 1521 1660 2.
1544 1631 1581 1668 ff.
1601 1629 1635 1659 de
1659 1630 1741 1659 Serv.

229 1680 285 1708 Pr.
307 1680 381 1708 Urb.
409 1681 470 1717 (19
480 1682 507 1718 ).
1046 1706 1049 1709 i

266 1730 332 1759 Huc
364 1739 456 1767 usque
485 1731 627 1771 Ulpianus
656 1738 748 1769 egerat
771 1733 804 1760 de
831 1721 926 1760 causis
954 1733 1087 1760 onerosis.
1132 1730 1346 1771 Quae'tamen‘
1365 1743 1424 1763 non
1456 1733 1538 1760 unice
1558 1735 1684 1766 prosunt
1705 1729 1742 1778 ad

1684 1781 1742 1809 Pu-

256 1869 324 1899 (17)
339 1865 380 1892 ef(
393 1871 487 1898 Lyelama
501 1866 514 1894 Ῐα
530 1872 614 1901 Nyelmlt
627 1876 716 1898 membr.
737 1877 762 1898 Ι..
779 1876 788 1897 1
813 1868 875 1898 Eccl-
891 1868 925 1896 ac.

258 1910 322 1938 (¹8)
338 1913 388 1933 V'ld·
406 1914 517 1941 sthulaing.
536 1916 574 1936 Tlt.
592 1917 615 1938 (¹.
633 1918 652 1937 1)
681 1922 712 1942 19.
734 1918 752 1942 <3-
767 1923 788 1942 7.
817 1917 883 1938 thdt
896 1917 920 1936 in
935 1914 1007 1937 Comm.
1024 1914 1051 1935 ml
1064 1916 1084 1937 Ιι.
1104 1917 1126 1937 T.
1140 1915 1166 1942 ff
1197 1916 1302 1938 Christian
1315 1915 1408 1938 Dabelow
1423 1915 1471 1936 δῦ]
1483 1914 1515 1936 die
1528 1913 1659 1938 aniilirung
1673 1910 1691 1937 ς.
1704 1908 1742 1937 78·

231 1953 290 1974 Vm.
309 1953 373 1973 somn
394 1955 422 1974 ad
435 1955 455 1975 Ιι.
471 1955 494 1977 7“.
510 1956 533 1981 ff,
550 1957 568 1980 ξ.
585 1963 606 1981 5.

259 1993 329 2021 (¹9)
343 1995 378 2016 CL
396 1995 488 2021 Rei-old<
506 1997 562 2019 Dm.
576 2004 593 2018 ι.
609 1998 624 2018 Ι.
648 2005 671 2025 p.
688 1997 737 2023 276.
