1940 2474
238 166 279 202 '18
574 159 960 198 'ABRAHAMI
1025 158 1390 193 CAPADOCE

241 259 346 290 posse,
367 249 495 285 tollendo
523 257 636 279 causam
659 250 772 285 morbi,
797 256 869 285 quae
892 254 936 277 est
955 248 983 277 in
1007 248 1072 284 ipso
1096 249 1202 284 oxydo.
1243 248 1413 277 Praescribit
1437 255 1505 286 ergo
1530 248 1596 278 talia
1623 250 1745 282 medica-

241 304 337 338 mina‚
360 310 450 338 quae,
468 301 498 330 in
520 302 645 338 oxydum
663 301 830 338 hydrargym'
850 299 976 337 agentia,
999 300 1171 336 oxygenium
1191 300 1225 329 ad
1241 308 1272 328 se
1292 301 1406 329 trahant
1428 300 1524 338 (inter
1545 310 1616 337 quae
1637 303 1745 340 hydro-

241 355 442 389 sulphuretnm
472 353 637 382 nominasse
666 353 810 390 sufficiet)
839 359 866 381 et
887 352 966 381 brevi
995 351 1105 391 felicem
1133 351 1225 380 morbi
1251 351 1385 388 exitum,
1413 360 1499 388 quem
1521 353 1578 391 jam
1599 362 1616 383 a
1637 354 1746 391 priori,

240 404 350 435 chemin
372 405 461 440 duce,
483 404 639 441 praevidit,
661 404 770 441 egregie
791 403 960 441 experientia
976 392 1174 432 confirmatum
1195 403 1339 440 gaudebit.

276 457 323 485 De
339 456 439 484 ceteris
461 456 598 492 venenis,
621 455 826 493 vegetabilibus
850 463 953 492 nempe
975 462 1003 484 et
1022 454 1212 490 animalibus,
1239 454 1268 483 in
1292 461 1429 491 quantum
1455 456 1593 487 Chemiczi
1616 456 1751 486 affinitate

240 513 370 544 agerent,
396 506 469 536 nihil
490 513 622 537 notatum
647 507 766 543 inveni,
795 506 852 536 nisi
883 507 962 544 quod
978 527 988 543 ,
1018 513 1051 536 ut
1079 513 1143 535 ante
1172 506 1317 543 diximus,
1346 508 1463 544 corpori
1486 508 1659 546 oxygenium
1680 508 1748 538 sub-

241 558 365 588 trahant.

279 609 344 639 Tali
368 609 445 638 haud
467 609 625 647 interrupta
652 616 884 647 argumentorum
914 608 1148 638 concatenatione
1168 609 1293 638 eandem
1320 609 1469 640 Chemiam
1491 611 1566 641 vitae
1593 611 1750 641 scintillam

240 662 272 690 in
293 668 375 691 utero
399 667 525 691 materno
548 670 693 691 accensam
713 661 873 698 explicare,
899 661 1012 690 eandem
1036 669 1155 697 quoque
1180 661 1328 690 Chemiam
1348 662 1455 690 crudeli
1487 662 1547 692 fato
1573 662 1749 699 pereundum

242 712 388 741 hominem
410 721 444 742 ex
463 712 565 742 mortis
588 712 721 743 faucibus
742 713 848 750 eripere
861 720 969 749 posse,
995 712 1072 741 haud
1092 712 1257 742 dubitavere
1281 713 1414 743 affirmare
1435 713 1566 743 Chemici
1588 712 1753 751 systematis

241 763 382 793 fautores.

279 814 438 844 Videamus
457 822 553 851 nunc,
575 823 713 852 quaenam
737 825 753 845 a
772 815 932 853 dynamicis
955 815 991 844 ad
1012 823 1093 844 suam
1115 815 1253 844 theoriam
1278 815 1443 846 firmandam
1463 815 1659 854 proferantur.

577 1121 860 1164 CAPUT
937 1122 1434 1164 SECUNDUM-

332 1267 335 1270 >
358 1253 401 1278 DE
421 1254 650 1280 ARGUMENTR,
671 1253 785 1282 QUIBUS
807 1252 952 1274 FIRMANT
972 1252 1150 1278 omNIONEM
1169 1253 1255 1274 SUAM
1273 1252 1358 1281 ILLI,
1380 1253 1436 1283 QU‘I
1456 1254 1651 1283 STATUUNT,

416 1305 585 1326 RATIONEM
610 1304 738 1327 UNIONIS
766 1305 997 1326 PRINCIPIORUM
1025 1289 1170 1325 PARTIUM
1197 1305 1429 1326 ORGANICARUM
1448 1291 1594 1328 13ENDERE

459 1357 481 1377 Δ
500 1356 533 1376 Vl
553 1355 684 1383 VITALI,
705 1356 771 1376 NON
791 1356 897 1376 SOLUM
916 1356 955 1376 AB
976 1356 1169 1377 AFFINITATE
1191 1356 1370 1376 MEMORATA
1391 1349 1544 1385 DIVEde,

580 1406 638 1427 SED
659 1406 723 1427 ILLI
743 1406 777 1426 IN
797 1406 927 1426 AGENDO
947 1407 1033 1432 HAUD
1054 1408 1118 1428 UNO
1139 1407 1261 1428 TITULO
1282 1400 1443 1428 OPPOSITQ·

291 1523 464 1563 ‡ntequam
486 1526 555 1555 haec
582 1531 749 1563 argumenta
779 1533 906 1554 enarrare
935 1525 1081 1563 agrediar,
1111 1525 1195 1554 liceat
1230 1532 1370 1561 exponere
1395 1525 1546 1561 cujusnam
1571 1522 1677 1552 indoIIs
1704 1529 1771 1551 esse

253 1579 380 1614 possint.
425 1577 496 1606 Non
517 1583 592 1606 certe
607 1577 664 1606 huc
685 1577 856 1612 afferentur,
882 1585 934 1606 nec
952 1578 1045 1606 asterri
1065 1584 1210 1614 possunt,
1232 1577 1320 1613 talia,
1342 1586 1414 1613 quae
1433 1577 1596 1606 affirmativa
1617 1576 1767 1604 dicuntur.

254 1629 310 1658 Sed
339 1629 489 1658 refutando
522 1628 690 1658 Chemicam
718 1628 857 1657 theoriam
892 1629 1090 1658 necessitatem
1123 1628 1195 1657 alius
1232 1628 1435 1665 explicationis
1469 1628 1592 1665 probant
1630 1625 1769 1663 Dynami-

254 1680 283 1707 ti
303 1680 336 1716 (ι
352 1682 386 1716 ),
409 1686 436 1708 et
452 1680 492 1708 sic
514 1679 549 1708 ad
568 1679 742 1715 principium
757 1679 845 1708 vitale
859 1686 1021 1708 recurrunt.
1060 1679 1125 1708 Hoc
1146 1685 1239 1708 autem
1261 1680 1438 1716 principium
1464 1680 1544 1716 ipsos
1567 1685 1685 1714 quoque
1707 1676 1770 1712 Dy-

257 1729 385 1760 namicos
399 1730 483 1767 latet,
505 1736 533 1759 et
558 1730 626 1760 hinc
647 1736 690 1759 est
705 1730 785 1767 quod
798 1729 929 1766 sequenti
944 1730 1052 1760 ratione
1066 1736 1317 1767 argumentantur:
1340 1731 1365 1759 si
1383 1731 1540 1760 sufficiente
1556 1728 1665 1758 ratione
1689 1727 1769 1757 Che·

357 1793 361 1795 .
400 1792 412 1795 .,
1717 1786 1771 1806 m-

288 1876 316 1901 (ι
323 1878 335 1899 )
350 1873 415 1894 Haud
428 1871 573 1899 incongruum
583 1872 690 1900 videtur,
707 1877 867 1900 praemonere,
880 1877 916 1894 me
931 1876 972 1900 per
985 1872 1107 1900 Dynamio-os
1120 1877 1186 1894 sensu
1200 1870 1308 1894 strictior-l
1323 1876 1362 1893 eos
1376 1871 1528 1894 tantummodo
1541 1868 1640 1891 indicare
1654 1867 1771 1895 voluisse,

256 1913 298 1939 mn
309 1914 437 1935 functiones
450 1914 557 1941 eorporis
570 1913 618 1936 vivi
630 1919 659 1936 ex
678 1913 780 1939 singulari
793 1912 909 1940 principio
921 1913 982 1935 vitali
995 1913 1057 1936 diem
1078 1913 1199 1940 explicant.
1227 1914 1296 1934 sensu
1317 1910 1375 1933 enim
1395 1910 1469 1932 latiori
1483 1909 1653 1936 oya-micorum
1675 1912 1767 1936 quoquc

257 1957 340 1975 nomen
353 1953 394 1975 sibi
407 1954 519 1977 vindic-nt
531 1955 563 1982 ii,
577 1954 632 1982 qui,
644 1955 670 1976 nd
685 1956 773 1976 easdem
786 1955 824 1976 lus
837 1954 963 1976 functiones
976 1953 1185 1981 explicandas‚n0n
1197 1953 1224 1975 ad
1237 1951 1282 1974 vim
1295 1952 1409 1980 quamdam
1423 1951 1618 1978 singularem,sed
1632 1949 1660 1972 nd
1669 1948 1764 1972 univer·

258 1993 316 2017 mles
335 1994 430 2018 nautae
443 1995 518 2024 vires,
534 1995 703 2024 (affectivam,
717 2001 798 2024 nempe
815 2000 838 2018 ει
855 1995 1008 2023 repulsivam)
1023 1995 1182 2020 recurrendum
1197 2000 1246 2018 exse
1259 1998 1347 2023 tunm.
