1960 2500
337 189 385 223 ρο
450 176 635 210 nin-Emer
661 176 747 209 nAx
770 172 998 207 -RESPONSIO
1031 179 1075 203 Μ)
1103 173 1395 214 QUAESTIONEM
1423 175 1765 208 MATHEMATICAM.

431 300 704 384 :VA³(
632 323 742 391 (9373

862 717 1138 800 :Vfflxb

382 820 462 858 Ergo
486 822 561 850 latus
585 821 652 850 cubi
678 821 799 851 inveniri
817 820 945 857 nequit·
975 817 1109 856 quaestio
1137 816 1289 854 proposita
1316 816 1445 845 continet
1483 815 1634 852 quidpiam
1661 816 1863 855 impossibile;

342 872 454 901 solutio
474 873 533 902 dari
557 881 616 902 non
639 880 746 910 potest.

383 923 415 952 Si
435 932 503 954 vero
525 925 556 954 in
577 924 702 954 formula
719 924 904 961 praecedente
924 920 1119 952 substituatur
1132 918 1244 947 Radius
1263 919 1416 956 sphaerae,
1437 920 1565 957 aequalis
1582 919 1707 957 unitati,
1726 922 1771 950 vel
1789 922 1864 952 Axis

343 975 468 1011 aequalis
497 986 552 1013 ar,
575 977 736 1006 invenietur
757 984 842 1012 quam
865 974 995 1013 proxime
1018 972 1094 1001 latus
1113 970 1244 1001 Cubi:
1263 978 1420 1008 2,057297.
1753 1013 1756 1015 ‚

382 1027 413 1055 Si
436 1027 527 1064 igitur
548 1029 662 1066 singula
688 1028 817 1065 quinque
846 1035 970 1065 corpora
998 1022 1194 1053 inscribantur
1217 1022 1366 1058 sphaerae,
1398 1023 1482 1060 cujus
1506 1022 1617 1052 Radius
1650 1030 1754 1059 aequat
1770 1024 1864 1053 unita-

345 1085 422 1114 tem,
444 1088 495 1109 seu
515 1081 599 1119 cujus
622 1081 696 1110 Axis
717 1090 753 1108 Ξ
773 1090 810 1115 2,
845 1079 897 1108 erit
920 1076 1062 1114 capacitas
1094 1074 1224 1111 quinque
1247 1082 1403 1110 corporum
1427 1073 1514 1102 simul
1543 1080 1703 1103 sumtorum
1739 1075 1866 1111 aequalis

346 1130 423 1160 cubo
433 1152 444 1167 ,
465 1132 549 1170 cujus
571 1133 645 1162 latus
665 1140 818 1170 perparum
840 1135 974 1168 superat,
995 1128 1042 1158 vel
1058 1134 1143 1163 quam
1158 1125 1290 1163 proxime
1305 1132 1427 1162 aequat,
1441 1125 1508 1155 axin
1525 1127 1660 1164 sphaerae
1680 1132 1860 1157 memoratae.

349 1181 406 1211 Seu

386 1233 491 1264 Cubus
509 1237 643 1274 sphaerae
664 1236 903 1272 circumscriptus
923 1231 977 1262 erit
1000 1239 1087 1270 quam
1110 1229 1242 1269 proxime
1259 1228 1354 1259 cubus
1377 1229 1538 1267 quaesitus.

866 1361 1346 1396 TANTUM.

974 1570 992 1588 „
1012 1548 1102 1588 ⁷Quod
1119 1549 1254 1587 optimum
1269 1545 1360 1583 sactu
1379 1546 1526 1577 videbitur
1541 1546 1648 1584 facies.
1658 1547 1678 1561 '’

1409 1625 1580 1654 Cmnno.

1037 1812 1175 1837 u
