1960 2500
353 195 474 235 50,
808 187 1029 223 LVAN
1084 183 1419 224 VOORST

401 296 422 338 (
435 291 503 335 11)
525 293 598 324 Post
623 286 766 320 habitam
788 285 981 325 orationem,
1003 285 1069 317 duo
1094 285 1176 317 mihi
1203 287 1320 330 scripta
1340 288 1373 319 in
1395 296 1511 318 manus
1531 295 1706 329 venerunt,
1729 301 1875 334 quorum

354 359 497 388 auctores
525 349 559 380 in
583 343 790 389 dijudicando
814 350 845 375 et
874 343 1035 376 laudando
1065 343 1171 374 Sancti
1203 343 1348 375 Foederis
1374 351 1562 386 argumento
1593 356 1717 377 mecum
1740 358 1876 380 consen.-

353 412 432 447 tire,
455 406 545 440 valde
566 405 674 436 laetor.
726 404 765 434 Et
783 408 917 444 uterque
931 424 940 438 ‚
962 407 998 431 ut
1014 399 1111 435 alios,
1146 411 1227 442 quos
1248 400 1390 432 divinare
1407 411 1502 432 ausus
1523 411 1593 432 sum
1606 425 1615 440 ,
1636 402 1705 443 ejus
1726 388 1849 436 fructus
1862 427 1874 443 ,

355 469 399 500 ita
416 466 476 496 hoc
492 473 622 507 quoque
635 460 838 504 potissimum
856 457 931 489 inde
949 464 1117 500 augeratur
1134 457 1341 488 commodum
1359 464 1453 500 atque
1471 457 1743 498 emolumentum,
1768 467 1824 499 ut,
1847 462 1876 494 si

353 524 387 556 id
403 522 548 565 religiose
568 525 730 560 serretur,
751 524 782 548 et
803 517 923 548 civium
937 522 968 547 et
992 515 1192 559 principum,
1218 521 1249 545 et
1267 515 1401 546 omnino
1415 515 1580 546 civitatum
1597 515 1692 559 longe
1713 518 1876 560 securior,

353 580 493 625 pacatior
517 584 548 609 et
571 575 752 613 honestior,
777 584 874 616 quam
901 573 992 604 annis
1015 573 1190 616 praeteritis
1217 570 1297 609 fuit,
1331 571 1437 603 futura
1465 573 1505 603 sit
1532 573 1683 604 conditio.
1730 574 1876 607 Alterum

354 644 401 669 est
424 635 628 671 Willemerii,
651 630 830 663 Consiliarii
862 628 1119 666 Francofurtani,
1141 628 1181 660 de
1207 639 1272 672 quo
1298 639 1393 671 supra
1423 629 1520 660 verbo
1543 629 1610 661 dixi
1637 633 1755 662 Annot.
1781 634 1828 675 (7
1844 638 1877 673 η

352 693 487 725 alterum
509 690 671 733 Anonymi
693 687 838 719 Auctoris
863 686 979 729 Belgici
994 710 1003 724 ,
1036 684 1218 728 peritissimi
1247 691 1278 716 et
1300 686 1491 728 sagacissimi
1514 687 1597 725 Viri,
1619 687 1676 729 qui
1703 687 1785 719 lectu
1811 688 1878 731 dig-

352 748 484 780 nissima
510 746 575 777 huc
607 744 797 788 pertinentia
825 743 946 774 monita
977 743 1111 773 inseruit
1139 743 1337 785 syntagmati
1364 742 1678 774 animadversionum
1707 745 1799 775 mixti
1822 755 1875 787 ge-

353 805 461 841 neris,
498 801 587 846 quod
617 801 778 844 inscripsit
811 802 858 831 De
883 799 1097 836 Herkauwer,
1132 799 1193 831 Vol
1226 799 1279 829 ΙΙΙ.
1314 799 1468 830 Particula-
1484 812 1509 830 a.
1543 811 1570 842 p.
1592 801 1669 831 81—
1691 800 1762 833 106.
1806 802 1876 832 J'am

354 860 467 903 paucis
489 869 556 890 rem
577 859 722 901 attigerat
750 856 820 888 Vol.
840 857 880 889 ΙΙ.
913 859 947 888 Ρ.
969 868 996 887 2.
1029 868 1061 899 p.
1081 867 1149 889 ιη.
1201 857 1301 887 Etiam
1322 864 1547 898 argumentum
1572 856 1730 900 Epistolae
1756 856 1796 888 ab
1813 857 1877 888 Im·

353 923 497 960 peratore
506 918 683 947 Russorum
698 915 892 946 lVillemerio
907 913 1040 956 scriptae
1055 913 1190 944 summis
1206 913 1355 945 laud-ibus
1370 912 1459 945 effert
1469 937 1478 953 ‚
1501 913 1572 945 Vol.
1591 914 1641 944 111.
1664 915 1698 945 P.
1708 924 1737 946 2,
1760 924 1791 956 p.
1805 910 1875 954 13&

399 1026 499 1068 (12)
523 1026 588 1067 Qui
626 1025 665 1056 ab
698 1024 794 1056 exilio
829 1023 1054 1066 duodeviginti
1092 1034 1251 1055 annorum
1284 1026 1319 1055 in
1349 1025 1484 1068 patriam
1516 1026 1641 1063 redux,
1672 1026 1754 1057 nihil
1786 1027 1880 1069 prius

355 1083 514 1128 agendum
537 1081 708 1125 judicavit,
730 1092 826 1124 quam
849 1088 886 1112 ut
913 1081 952 1112 ad
984 1091 1087 1112 sacras
1111 1081 1201 1112 aedes
1222 1092 1255 1112 se
1277 1079 1455 1119 conferret,
1478 1083 1610 1125 Deoque
1637 1082 1812 1114 Immortali
1842 1084 1878 1115 iu

355 1140 467 1184 populi
491 1137 699 1181 obstupefacti
727 1144 758 1168 et
785 1137 901 1169 laetitia
928 1136 1049 1180 perfusi
1078 1144 1240 1169 conventu
1273 1138 1404 1180 gratias,
1436 1148 1516 1180 quas
1546 1138 1693 1176 haberet,
1724 1140 1880 1171 maximas

355 1201 427 1228 ‘toto
449 1196 557 1227 animo
586 1193 734 1231 referret,
765 1199 796 1224 et
819 1195 914 1231 cuius
936 1194 1085 1225 universa
1115 1195 1198 1230 vitae
1225 1195 1306 1225 ratio
1333 1201 1364 1225 et
1387 1194 1568 1235 Regionum
1600 1194 1796 1236 Belgicarum
1818 1205 1878 1237 gu-

355 1251 502 1285 bernatio
529 1251 638 1289 docet,
660 1260 759 1293 quam
779 1249 954 1292 Religionis
984 1251 1024 1281 sit
1055 1261 1191 1290 amans,
1225 1252 1298 1294 quis
1333 1251 1485 1287 miretur,
1515 1250 1675 1293 optimum
1703 1250 1789 1281 hunc
1819 1252 1879 1282 Re-

358 1317 431 1351 gem
455 1308 489 1338 in
511 1317 623 1339 eorum
650 1316 786 1337 numero
809 1315 876 1336 esse
897 1306 1102 1349 Principum,
1125 1308 1182 1349 qui
1207 1308 1311 1338 Sancti
1336 1306 1483 1338 Foederis
1504 1306 1704 1338 conditiones
1728 1307 1879 1339 omnium

356 1354 453 1408 primi
484 1363 662 1406 probarunt
699 1369 730 1394 et
767 1362 981 1404 receperunt?
1034 1363 1235 1406 imperatoris
1268 1366 1445 1395 Russorum
1483 1369 1623 1403 rogatu,
1654 1371 1772 1394 nomen
1800 1362 1878 1394 suh·-

358 1421 483 1463 ecripsit
504 1420 555 1451 die
578 1431 632 1450 xxi
654 1419 741 1450 Junii
766 1420 996 1459 MDCCCXVI,
1022 1426 1053 1451 et
1082 1419 1262 1458 literarum,
1290 1419 1408 1463 quibus
1439 1419 1500 1449 hoc
1522 1417 1613 1456 fecit,
1634 1419 1816 1461 exemplum
1839 1417 1878 1450 ik-

358 1475 556 1508 lustrissimis
574 1475 748 1507 Ordinibus
769 1475 916 1513 tradidit,
939 1488 962 1507 u
983 1476 1060 1508 ,Iulii
1081 1477 1167 1509 illius
1187 1479 1273 1510 anni..
1306 1477 1378 1509 Vid.
1403 1476 1662 1510 Neclerlandsclze
1678 1476 1876 1508 StaatsCou·

361 1541 454 1573 rant,
480 1546 515 1566 111
539 1541 570 1566 et
595 1545 616 1565 v
636 1533 714 1564 iulii
734 1535 957 1565 MDCCCXVL

404 1647 506 1690 (13)
531 1649 606 1691 Regi
638 1649 764 1680 Sueciae
787 1649 929 1692 primum
956 1648 1010 1680 hic
1044 1649 1276 1692 assignavimus
1300 1647 1419 1679 locum.
1470 1647 1672 1688 Quamquam
1702 1645 1790 1676 enim
1813 1643 1877 1678 lite·

359 1713 430 1742 rae,
451 1714 554 1735 xxviii
572 1706 677 1735 Martii
705 1705 802 1747 hujus
822 1706 897 1736 anni
927 1707 1035 1737 Suecia
1063 1707 1175 1738 missae
1194 1713 1224 1737 et
1258 1705 1422 1748 vulgatae,
1450 1703 1617 1734 non-nullis
1644 1702 1873 1745 persuaserint,

362 1772 438 1793 eum
461 1770 538 1794 tunc
568 1761 697 1794 demum
730 1763 762 1793 iu
799 1763 983 1805 Principum
1014 1763 1135 1794 Foedus
1162 1763 1375 1799 consensisse,
1407 1760 1447 1791 ab
1481 1760 1549 1790 aliis
1580 1759 1658 1790 sacta
1683 1766 1748 1789 erat
1777 1757 1876 1798 fides,

361 1819 488 1850 sueciae
510 1821 645 1861 Regem,
675 1830 773 1862 aeque
797 1829 833 1850 ac
858 1820 1036 1862 Principem
1059 1820 1326 1856 Haeredstarium,
1358 1818 1422 1860 jam
1446 1827 1478 1847 xi
1498 1817 1573 1858 Maji
1594 1814 1807 1859 praecedentis
1826 1823 1876 1845 an-

362 1873 398 1904 ni
415 1898 419 1904 ,
446 1875 464 1904 ἐι
482 1877 657 1906 Russorum
671 1876 863 1919 Imperatore
887 1877 1076 1913 invitatum,
1102 1876 1247 1907 Foederis
1267 1874 1390 1917 legibus
1407 1873 1636 1915 subscripsisse.
1684 1871 1757 1902 Viti.
1778 1872 1875 1902 Ham·

364 1928 478 1972 burger
501 1932 748 1973 (orrespondene
771 1944 790 1963 v
807 1933 900 1963 Juniiv
917 1934 1144 1969 MDCCCXVt,
1167 1933 1304 1964 Journal
1321 1930 1375 1962 des
1395 1930 1515 1963 Delum
1536 1940 1566 1960 vi
1580 1929 1674 1963 sulii,
1698 1934 1727 1958 et
1745 1926 1873 1959 NederL

365 1986 495 2017 Staatsct
521 1998 555 2017 m
572 1989 648 2018 Julii
667 1988 809 2031 ejusdem
832 1989 917 2020 anni.
962 1989 1188 2020 Invitationem
1211 1999 1227 2019 a
1249 1995 1338 2032 parte
1371 1985 1569 2029 Imperatoris
1589 1985 1740 2016 Austriaci
1766 1990 1796 2014 et
1814 1985 1873 2014 Bo·

364 2042 478 2074 msici
500 2044 594 2087 Regis
616 2051 725 2088 postea
743 2046 906 2080 accessisse
917 2067 930 2091 ³.
953 2045 1040 2080 illius
1060 2045 1191 2090 quidem
1211 2056 1244 2080 iv
1259 2043 1657 2082 OctobrisMDCCCXVl,
1679 2041 1777 2085 huJus
1795 2048 1879 2071 vero-

1789 2105 1878 2129 WB
