1960 2500
332 175 382 209 24
781 159 816 194 J.
879 166 1007 193 van
1063 154 1406 195 VOORST

331 263 562 309 Catholici&
588 266 666 296 tum
692 256 914 294 Reformatis
941 264 975 293 et
998 257 1237 305 Augustanae
1255 257 1451 294 Formulae
1480 257 1655 307 addictis,
1679 261 1854 310 probatae

336 335 371 362 et
387 333 548 373 receptae
566 330 670 369 sunt;
694 321 731 360 in
749 331 905 369 quorum
922 332 1072 356 numero
1092 320 1172 356 Rex
1192 330 1337 367 noster,
1357 321 1456 370 quod
1473 321 1699 359 vehementer
1713 325 1851 373 gaude-

302 412 307 416 ·
331 400 438 434 mus,
466 385 566 421 haud
594 383 756 420 infimum
785 390 936 431 occupat
964 382 1098 418 locum.
1133 383 1233 430 (12)
1296 382 1490 420 Praeterea
1519 384 1690 432 Sueciae,
1722 387 1852 433 ¹Sardi-

324 451 435 494 niae,
464 446 665 488 Saxoniae,
692 444 858 491 Dania‘e,
884 443 1064 481 bavariae
1088 451 1123 479 et
1150 443 1461 495 Wurtemhergae
1491 447 1610 493 Reges
1636 448 1674 483 in
1701 448 1853 484 sanclis-

334 512 466 547 simum
490 508 619 544 foedus
639 507 871 552 convenisse,
899 506 1056 554 itemque
1080 506 1174 542 alios
1203 507 1248 543 de
1276 508 1372 545 sacta
1392 510 1605 554 invitatione
1622 510 1851 559 deliberare,

326 572 382 610 ,ab
400 570 684 620 Ephemeridum
705 568 913 605 auctoribus
930 568 1174 604 renuntiatum
1193 577 1259 606 est.
1288 573 1302 618 (
1322 570 1389 618 13)

330 660 333 663 ι
382 633 419 670 Ο
444 632 617 668 blandam
647 632 798 668 illorum
826 639 1027 679 temporum
1056 643 1178 678 spem,
1207 631 1345 680 quibus
1371 634 1486 668 nullis
1511 634 1670 682 amplius
1696 634 1853 671 diversis

331 695 523 746 partibus,
551 695 729 732 institutis
744 723 756 739 ,
793 694 1015 730 caerimoniis
1035 701 1098 729 aut
1123 693 1338 741 disciplinae
1366 694 1534 731 formulis
1546 724 1558 741 ,
1590 696 1627 731 in
1649 696 1853 745 Religionis

327 770 466 802 causa,
487 757 637 793 futurus
659 757 706 793 sit
724 757 847 793 locus!
877 756 912 793 O
930 763 1088 804 optatam
1106 754 1171 790 diu
1195 754 1342 791 humani
1360 758 1502 805 generis
1530 757 1739 793 felicitatem
1752 786 1764 803 ‚
1794 770 1854 793 ar-

329 820 553 856 dentissimis
577 820 717 855 frustra
736 820 809 854 huc
830 831 948 867 usque
965 817 1134 866 precibus
1155 825 1188 852 et
1216 818 1309 854 votis
1327 820 1518 866 expetitam
1530 848 1541 865 ‚
1572 819 1635 855 sed
1662 827 1756 855 certo
1777 832 1855 854 cer-

331 882 406 918 tius
441 881 812 930 tandem.aliquando
842 880 1000 923 humano
1033 879 1155 928 generi
1184 877 1421 918 afferendam!
1476 882 1597 930 Cujus
1626 884 1773 932 quidem
1803 883 1858 921 rei

331 945 528 981 maturitas
571 944 711 979 etiamsi
746 943 904 978 nondum
936 942 1053 987 venit,
1090 949 1208 977 tamen
1241 954 1306 989 per
1340 943 1550 991 Principum
1586 945 1738 992 foedus,
1784 958 1857 982 non

331 1017 527 1042 ,sacrorum
558 1004 817 1053 permixtione,
845 1015 956 1052 quam
984 1002 1151 1037 nonnulli
1180 1003 1321 1038 frustra
1352 1013 1386 1038 et
1411 1005 1530 1052 inepte
1555 1014 1756 1054 optarunt,
1793 1006 1858 1049 sed

330 1070 559 1109 voluntatum
582 1068 691 1106 valde
725 1075 829 1103 aucta
851 1067 898 1103 ad
924 1065 1152 1103 concordiam
1180 1063 1435 1111 inclinatione,
1469 1067 1742 1118 studiorumque
1761 1069 1799 1104 in
1816 1079 1858 1104 re

332 1143 476 1171 summa
515 1130 668 1167 tutanda
687 1140 872 1166 consensu
889 1155 903 1176 ‚
939 1128 1236 1179 propinquiorem
1260 1140 1338 1163 eam
1362 1119 1541 1178 redditam
1565 1141 1667 1176 esse,
1696 1141 1858 1170 summo-3

334 1203 419 1241 pere
439 1193 630 1229 laetamur.

381 1255 480 1291 lnter
505 1254 599 1290 bona
630 1261 664 1290 et
688 1254 898 1300 commoda,
926 1267 1020 1304 quae
1045 1269 1090 1293 ex
1117 1264 1302 1305 tantopere
1321 1251 1615 1305 conspirantibus
1641 1247 1855 1302 Principum

336 1317 576 1364 complurium
604 1316 736 1352 studiis
757 1324 791 1353 et
819 1318 1014 1366 propositis
1045 1320 1120 1366 jam
1145 1319 1182 1355 in
1207 1319 1408 1355 humanum
1432 1330 1549 1367 genus
1578 1316 1857 1361 redundaxunu

335 1390 562 1427 nequaquam
580 1387 760 1425 postremo
778 1379 858 1415 loco
880 1382 1210 1417 commemorandus
1233 1390 1286 1417 est
1308 1380 1507 1430 singularis
1531 1379 1595 1415 ille
1619 1379 1856 1425 consiliorum

336 1441 383 1476 ad
429 1439 674 1489 abrogandam
720 1442 929 1478 servitutem
977 1456 1092 1490 nuper
1145 1443 1350 1491 patefactus
1397 1454 1606 1478 consensus.
1677 1441 1856 1476 Mittimus

334 1514 429 1538 nunc
456 1502 604 1542 illorum
635 1503 816 1549 rationes,
846 1505 935 1552 qui,
968 1505 1005 1540 in
1024 1518 1082 1541 res
1100 1505 1268 1553 proprias
1298 1512 1332 1540 et
1356 1505 1522 1553 privatas
1557 1503 1678 1539 solum
1707 1500 1858 1550 intenti‚·

337 1576 542 1599 communes
567 1573 602 1600 et
623 1564 789 1613 publicas
815 1578 945 1613 parum
974 1575 1121 1612 curant,
1159 1575 1193 1602 et
1220 1566 1483 1602 humanitatem
1515 1566 1594 1600 suis
1633 1576 1856 1612 suorumque

335 1625 531 1662 commodis
543 1633 576 1660 et
590 1625 812 1661 utilitatibus
823 1634 1056 1674 postponunt.
1087 1628 1144 1664 De
1160 1627 1218 1662 his
1233 1641 1318 1677 ergo
1336 1629 1487 1664 meliora
1507 1639 1704 1675 speramuS.
1734 1626 1855 1681 Equi-

336 1674 415 1720 dem
438 1685 518 1721 Vos
532 1699 653 1722 omnes
670 1687 837 1734 appello,
864 1689 911 1724 A.
925 1689 969 1725 A.
997 1689 1044 1725 H.
1065 1688 1116 1726 H.
1143 1690 1280 1739 quibus
1303 1703 1374 1726 non
1393 1688 1516 1726 dubito
1544 1690 1634 1737 quin
1656 1688 1717 1735 id,
1752 1686 1855 1736 quod

335 1747 467 1787 nemini
496 1759 566 1782 non
599 1747 824 1785 humanioris
851 1750 985 1786 indolis
1011 1751 1048 1786 in
1081 1754 1176 1788 votis
1208 1761 1242 1789 et
1267 1752 1460 1789 desideriis
1489 1759 1563 1796 est,
1604 1751 1711 1787 etiam
1742 1762 1853 1799 quam

338 1809 493 1844 maxime
510 1810 706 1857 optandum
724 1811 913 1856 videatur,
924 1819 963 1847 ut
981 1813 1073 1848 inter
1089 1827 1170 1860 eos,
1183 1814 1341 1864 quibuS‚
1357 1822 1396 1850 ut
1416 1813 1615 1849 communis
1629 1820 1682 1849 est
1697 1820 1855 1848 natura
1837 1838 1852 1857 ,

336 1870 387 1908 ita
414 1878 447 1905 et
479 1883 667 1907 commune
692 1873 754 1920 jus
779 1880 813 1908 et
839 1871 993 1910 officium
1016 1887 1225 1921 commune,
1260 1876 1356 1912 nulli
1382 1877 1420 1912 in
1448 1885 1520 1912 toto
1551 1884 1732 1931 terrarum
1767 1872 1855 1911 orbe

342 1931 415 1967 sint
439 1933 558 1978 servi,
585 1946 656 1969 non
680 1942 720 1969 ut
747 1933 909 1970 hominos
927 1947 1010 1984 erga
1031 1949 1070 1971 se
1088 1937 1240 1974 invicem
1260 1939 1359 1974 dccet
1378 1947 1487 1987 atque
1505 1945 1665 1985 oportet,
1695 1937 1757 1973 sed
1772 1945 1854 1971 tan-

340 2003 451 2040 quam
479 2006 538 2030 res
568 1995 750 2032 inferioris
777 2005 954 2044 naturae,
989 1999 1061 2036 imo
1086 2001 1266 2049 pecudum
1301 2002 1416 2062 instar
1440 2000 1655 2047 sustentati,
1689 1996 1847 2042 vendffl,

1772 2069 1854 2097 Cas-
