1960 2500
285 160 333 195 50.
743 144 776 192 J.
837 148 963 176 vin
1020 137 1360 179 VooRs'r

287 269 399 308 quam
423 245 636 290 obscurata!
689 241 761 279 Sed
790 241 834 277 dc
863 252 936 276 uno
964 244 1072 289 atque
1093 240 1207 277 altero
1235 255 1254 278 e
1283 241 1522 291 Collegarum
1547 255 1721 292 numero,
1749 254 1814 285 aut

286 321 391 358 luctu
411 311 604 351 domestico
624 313 688 343 aut
704 304 847 342 infirma
866 301 1078 342 valetudine
1097 301 1248 350 afflicto,
1277 312 1310 340 et
1341 304 1385 341 de
1411 316 1637 342 ΒΕΝΝΕΤΟ
1666 307 1816 357 quidem

287 378 477 430 inprimis,
504 368 822 423 praestantissimo
839 368 923 406 viro
945 374 980 402 et
998 365 1104 402 unico
1123 367 1160 401 in
1180 378 1246 401 suo
1274 379 1424 416 genere,
1454 368 1503 403 ita
1530 365 1678 416 affecto,
1707 378 1749 406 ut
1772 370 1818 408 de

288 441 425 481 scholis
453 434 662 486 aperiundis
696 444 809 481 poene
837 430 1023 478 desperet,
1050 436 1086 465 et
1121 428 1239 477 ipsius
1267 437 1301 466 et
1327 430 1544 466 Academiae
1573 440 1684 467 causa
1708 431 1820 468 vehe-

290 513 427 545 menter
457 500 637 537 dolemus,
691 494 770 533 Nec
794 502 915 530 tamen
942 492 1031 528 haec
1060 491 1179 528 solum
1204 491 1299 529 facta
1329 501 1381 528 est
1407 493 1564 541 jactura.
1616 493 1822 530 Amisimus

294 568 386 623 eheu
408 575 523 601 unum
552 574 599 599 ex
624 555 937 609 praeclarioribus
959 555 1039 603 ejus
1066 555 1305 593 ornamentis!
1333 556 1536 592 Amisimus
1558 556 1729 592 eximium
1749 555 1822 592 Vi-

296 640 403 674 rum,
429 633 471 662 ut
496 625 534 661 in
555 623 698 660 Ordine
717 618 1096 669 jurisconsultorum,
1124 617 1175 653 ita
1205 625 1238 652 et
1263 618 1300 654 in
1327 618 1499 654 universo
1530 619 1733 654 Doctorum
1752 629 1824 666 pu-

298 690 480 727 blicorum
506 685 666 735 collegio
682 712 694 732 ,
724 682 901 719 seniorem
928 681 1256 731 spectatissimum,
1283 688 1396 718 1210&v
1407 693 1559 718 Ysiun
1588 690 1830 718 Gonnrnt·

298 764 402 791 DUM
434 761 525 787 vAN
557 760 653 785 nnn
688 743 928 783 messan!
1606 749 1609 750 ⁷

345 813 439 850 Erat
456 813 492 847 in
508 812 577 847 hoc
595 811 675 855 viro
696 822 770 845 non
788 807 959 856 vulgaris
980 804 1116 854 ingenii
1139 805 1364 852 perspicacia
1398 814 1431 841 et
1459 805 1587 853 judicii
1619 804 1830 852 subtilitas,

297 885 332 913 et
361 887 494 924 magna
521 872 730 917 doctrinae,
757 867 974 918 praesertim
1004 866 1050 902 ad
1070 865 1091 902 J
1097 879 1140 902 us
1161 867 1284 903 Civile
1314 868 1551 916 pertinentiS,
1590 866 1827 915 praestantia.

297 937 525 976 Daventriae
552 942 661 970 natus
688 941 765 978 est,
801 931 859 967 die
885 929 1059 967 vicesimo
1088 929 1246 964 secundo
1278 928 1500 978 Septembris
1531 931 1615 966 anni
1645 930 1832 967 millesimi

298 997 604 1048 septingentesimi
640 994 813 1030 tricesimi
841 992 973 1029 octavi.
1039 978 1187 1026 Patrem
1219 990 1350 1026 habuit
1387 1002 1699 1038 DioNYslum,
1734 991 1834 1040 apud

301 1061 535 1099 Reformatos
567 1069 755 1094 sacrorum
791 1056 830 1091 in·
857 1054 926 1091 illa
957 1050 1047 1089 urhe
1080 1052 1279 1088 antistitem
1319 1052 1598 1099 fidelissimum,
1626 1054 1693 1103 qui
1725 1053 1835 1090 etiam
1884 1083 1890 1088 .

306 1122 454 1171 scriptis
471 1120 660 1156 nonnullis
679 1119 717 1155 in
736 1119 856 1154 lucem
877 1116 984 1152 editis
1003 1114 1148 1150 laudem
1170 1115 1380 1162 reportavit.
1436 1116 1479 1150 ln
1499 1115 1588 1150 urbe
1605 1116 1726 1163 patria
1745 1114 1836 1150 ado·-

307 1185 501 1222 lescentiae
525 1183 685 1232 primum
701 1179 897 1229 magistros
914 1176 1044 1214 habuit
1060 1176 1151 1213 bene
1171 1177 1318 1223 doctos,
1345 1177 1472 1214 deinde
1487 1178 1524 1214 in
1549 1178 1777 1214 eruditorum
1795 1188 1837 1214 eo

306 1255 466 1296 tempore
503 1246 540 1281 in
575 1242 782 1292 Gymnasio
812 1240 1075 1278 Daventriensi
1103 1241 1307 1278 Doctorum
1341 1241 1574 1290 disciplinam
1598 1241 1721 1286 venit,
1761 1250 1837 1288 qua

310 1323 393 1346 cum
414 1310 451 1345 in
469 1308 589 1344 literis
603 1306 779 1351 Graecis,
807 1304 952 1340 Latinis
978 1312 1012 1340 et
1033 1302 1248 1350 Hebraicis,
1276 1313 1355 1341 tum
1374 1305 1411 1340 in
1438 1303 1624 1340 Historiae
1645 1303 1838 1338 universae

310 1380 346 1408 et
368 1371 631 1421 Antiquitatis,
660 1382 725 1404 nec
744 1380 815 1403 non
833 1366 1064 1412 MatheseOS,
1092 1366 1313 1402 Dialectices
1343 1374 1377 1402 et
1403 1365 1582 1414 Physices
1615 1363 1746 1400 studiis
1785 1362 1837 1397 sic

312 1446 404 1469 usus
433 1442 516 1479 est,
552 1441 593 1468 ut
626 1439 774 1480 postea,
814 1429 930 1464 literis
965 1428 1066 1464 haud
1097 1429 1301 1478 vulgariter
1335 1429 1558 1473 instructus,
1595 1428 1631 1462 in
1663 1425 1838 1473 majorem

314 1497 408 1534 hanc
442 1497 726 1546 amplioremque
759 1507 798 1530 se
834 1494 1012 1529 conferret
1049 1492 1211 1528 scholam
1253 1491 1434 1539 Lugduno
1462 1491 1664 1535 batavam,
1703 1486 1749 1522 ad
1769 1485 1838 1522 Ju-

316 1561 601 1610 risprudentiam
638 1559 834 1607 praecipue
879 1555 1112 1592 excolendam
1132 1582 1145 1600 ‚
1193 1554 1298 1602 eique
1335 1554 1471 1602 insigni
1514 1560 1609 1588 esset
1649 1561 1839 1586 ornamen-

316 1629 368 1659 to.
421 1621 596 1657 Celebres
617 1629 704 1657 tunc
731 1619 902 1668 temporis
943 1619 981 1654 in
1012 1618 1081 1653 hac
1113 1617 1311 1653 Academia
1350 1613 1529 1652 florebant
1558 1613 1837 1656 Antecessores‚

320 1693 662 1728 scnnL'rINGA‚
699 1692 967 1718 RUCKERUS
1004 1689 1039 1717 et
1070 1691 1340 1725 Wn1ssius‚
1381 1690 1474 1728 quos
1507 1676 1670 1725 quinque
1698 1683 1732 1710 et
1761 1686 1840 1709 am-

317 1745 418 1794 plius
449 1757 562 1781 annos
589 1744 730 1782 audivit
756 1743 923 1789 assidue3
951 1751 984 1778 et
1010 1755 1132 1778 omnes
1156 1742 1262 1778 facile
1281 1741 1560 1784 intellexerunt,
1590 1739 1676 1788 quis
1697 1745 1731 1773 ct
1747 1748 1840 1785 qua-

322 1807 371 1843 lis
390 1815 484 1844 esset
510 1817 846 1852 xnnssnnius,
873 1814 908 1842 et
929 1818 1002 1854 qua
1024 1807 1084 1842 via
1105 1806 1150 1842 ad
1175 1815 1336 1839 summos
1356 1802 1393 1838 in
1414 1809 1571 1849 utroque
1587 1800 1675 1836 Jure
1688 1799 1842 1834 honores

321 1869 504 1916 tenderet,
533 1881 626 1919 quos
654 1877 687 1905 et
712 1877 859 1918 postea,
895 1868 1086 1916 praeclaro
1114 1867 1297 1904 doctrinae
1328 1873 1360 1900 et
1397 1862 1557 1899 accurati
1586 1861 1715 1909 judicii
1749 1859 1844 1895 edito

322 1931 536 1978 specimine,
564 1943 705 1967 summa
730 1943 812 1966 cum
839 1930 949 1966 laude
974 1931 1126 1978 adeptus
1159 1937 1225 1966 est.
1287 1926 1388 1962 Tum
1417 1937 1506 1962 vero
1535 1924 1654 1959 statim
1675 1920 1720 1957 ad
1750 1919 1843 1969 juris

327 1992 523 2043 legumque
555 1993 742 2030 scientiam
780 1994 903 2030 causis
930 1992 1080 2041 agendis
1119 1989 1411 2040 amplificandam
1443 1987 1605 2024 animum
1642 1981 1838 2033 applicuit,

1807 2049 1842 2080 et
