1940 2474
324 163 364 196 32
558 165 596 196 Η.
663 164 699 196 C.
765 173 874 195 vxn
941 174 1045 195 nnn
1110 165 1287 196 BOON
1351 167 1595 208 MESCH,

366 249 470 278 Utrum
486 249 564 278 Aves
582 256 609 278 et
628 248 753 286 Reptilia
769 250 939 279 absorbeant
952 257 1068 280 azotum
1079 271 1089 286 ‚
1111 251 1193 280 etiam
1210 251 1409 288 experimentis
1426 255 1554 282 nondum
1573 254 1697 284 evictum
1720 264 1773 287 est.
1795 274 1836 285 .-

327 300 424 330 Pisces
438 308 523 335 vero,
541 306 567 328 et
581 300 728 329 Mollusca
748 307 864 329 azotum
882 301 1040 330 adsciscere
1055 302 1178 338 probant
1195 310 1278 339 capta
1293 303 1484 339 experimenta
1498 304 1532 332 ab
1548 305 1730 336 Ilumboldtio
1743 310 1833 347 (73),

328 352 538 389 Spallanzanio
560 352 664 389 (74),
693 352 759 380 Biot
779 353 874 390 (75).
927 352 1058 382 Radiaria
1083 360 1110 382 et
1132 355 1260 392 Polypos
1289 363 1431 383 assumere
1458 361 1576 384 azotum
1611 357 1742 392 probavit
1769 360 1834 389 Da-

328 390 397 439 ‘vym
417 403 520 440 (76):
543 411 628 438 quare
642 403 802 432 verosimile
814 410 875 438 est,
891 404 967 433 haud
985 404 1124 443 intactum
1150 406 1306 443 relinquere
1325 405 1394 434 aeris
1416 412 1532 434 azotum
1553 407 1728 437 Arachnidea
1743 416 1771 438 et
1789 411 1836 439 In-

329 460 417 483 secta.
460 454 571 490 Utique
594 455 660 483 haec
683 463 726 484 res
751 455 878 485 ulteriori
899 456 1026 485 examine
1048 466 1106 488 non
1130 457 1244 495 indigna
1267 464 1328 493 est;
1351 458 1407 486 hoc
1426 457 1499 486 enim
1521 457 1676 487 illustraret
1693 468 1753 490 non
1776 467 1836 493 tan-

328 510 391 545 tum
416 514 500 534 omne
515 506 713 542 respirationis
736 515 810 543 opus
822 528 832 542 ,
854 508 1041 547 ejusdemque
1052 509 1162 545 finem,
1182 510 1234 539 sed
1254 515 1283 538 et
1302 508 1427 548 aliquam
1443 509 1535 538 lucem
1555 508 1683 546 afferret,
1704 518 1761 548 qua
1784 519 1838 541 nu·

327 551 454 588 tutionis
473 565 500 587 et
522 559 711 589 secretionum
738 559 848 589 officina
870 559 1098 590 illustrareretur.

1027 640 1064 684 §.¹
1098 648 1144 675 31.

363 711 503 750 Quamvis
526 715 622 751 itaque
643 715 779 745 omnibus
806 715 919 744 collatis
945 717 1034 753 major
1059 717 1189 745 videatur
1215 716 1261 746 vis
1287 716 1545 753 experimentorum
1565 716 1600 746 ab
1631 716 1837 753 iisrinstituto—

326 771 389 792 rum
415 765 566 801 Physicis,
589 767 639 802 qui
664 773 819 795 assumunt
840 773 956 796 azotum
977 766 1175 803 respirationis
1201 775 1255 803 ope
1271 768 1305 795 de
1321 768 1381 796 aere
1397 768 1520 804 separari
1541 775 1627 803 atque
1641 769 1837 805 organismum

323 813 472 842 animalem
501 816 627 852 ingredi,
658 808 742 851 uuam
768 825 886 853 eorum,
916 826 988 853 quae
1003 818 1187 858 *contrarium
1212 818 1352 854 probant;
1380 827 1439 847 non
1466 827 1558 847 mcum
1591 825 1635 847 est
1664 818 1742 848 litem
1766 819 1838 848 inter

323 868 421 892 tantos
442 865 598 895 Chemicos
619 867 751 903 agitatam
775 869 820 896 hic
848 877 1036 905 componere3
1063 879 1155 906 neque
1177 872 1232 899 hoc
1258 879 1392 906 necesse,
1414 878 1445 899 ut
1467 879 1598 908 praesens
1620 870 1751 906 quaestio
1772 870 1840 899 diri-

323 909 427 944 matur.
479 917 630 956 Quidquid
656 919 730 947 enim
761 921 911 949 ostendant
933 921 1122 957 experimenta
1148 921 1379 956 Eudiomefflca,
1408 922 1483 950 clare
1507 930 1540 950 ex
1569 922 1626 950 alio
1651 922 1732 951 fonte
1754 921 1839 950 flucre

322 967 452 1004 videtur,
474 978 602 1007 magnam
624 971 849 1007 Atmosphaerae
870 972 946 1000 azoti
965 973 1077 1009 copiam
1102 973 1177 1003 vitae
1197 973 1327 1013 animalis
1351 972 1473 1000 efficacia
1493 972 1590 1001 deleri.

327 1049 330 1052 ,
364 1017 408 1046 Ut
429 1019 502 1047 enim
528 1020 600 1049 hanc
622 1021 712 1058 ipsam
740 1022 957 1051 conclusionem
987 1024 1042 1060 jam
1075 1022 1236 1052 formarunt
1265 1023 1452 1060 ingeniosiss.
1474 1023 1682 1052 Autenrithius
1703 1023 1787 1060 (77)
1809 1029 1837 1052 et

325 1069 510 1107 Sprengelius
530 1072 632 1110 (78),
663 1073 773 1109 quippe
795 1073 847 1109 qui
870 1073 899 1102 in
925 1074 1012 1110 chylo
1036 1075 1184 1111 gel-utinam
1207 1081 1235 1102 et
1261 1074 1412 1110 albumen,
1439 1074 1468 1103 in
1491 1075 1555 1111 ipso
1584 1081 1677 1103 autem
1701 1073 1840 1111 sanguine

323 1120 474 1157 fibi-inam,
497 1123 688 1152 substantiam
710 1133 776 1160 prae
796 1124 934 1161 caeteris,
963 1125 1122 1161 azoticam⁷
1150 1126 1240 1162 inque
1262 1125 1379 1154 caeteris
1403 1125 1534 1162 partibus
1556 1133 1589 1154 ex
1609 1125 1747 1168 sanguine
1766 1125 1840 1163 nutis

324 1170 382 1199 hoc
403 1172 520 1202 fibrinae
536 1174 710 1211 principium
729 1176 935 1211 observarunt,
959 1177 996 1204 ita
1006 1168 1154 1205 *dubitabit
1167 1178 1266 1206 nullus
1284 1185 1395 1205 mecum
1413 1184 1587 1213 agnoscere,
1604 1176 1770 1212 ubicunque
1783 1175 1843 1204 ani-

326 1223 383 1251 mal
404 1230 464 1259 est,
486 1225 531 1252 vel
554 1225 611 1253 fuit
630 1226 718 1262 olim,
740 1227 779 1255 ibi
796 1227 932 1263 fixamun,
955 1234 988 1255 ut
1010 1227 1048 1256 ita
1066 1228 1177 1263 dicam,
1199 1228 1314 1264 reperiri
1333 1235 1461 1256 azotum.

363 1273 530 1303 Genuinum
552 1282 644 1305 autem
668 1277 811 1306 criterium
833 1279 1021 1313 Chemieum,
1045 1288 1104 1315 quo
1127 1279 1256 1308 animalis
1281 1279 1430 1314 materies,
1452 1278 1481 1307 in
1502 1279 1668 1308 universum
1695 1283 1836 1322 spectant,

326 1333 342 1353 a
364 1326 532 1362 vegetabili,
562 1327 643 1356 etiam
675 1329 703 1357 in
727 1330 891 1358 universum
914 1336 1058 1365 spectata,
1088 1336 1115 1357 et
1128 1330 1162 1358 ab
1181 1329 1361 1365 inorganica,
1384 1329 1587 1365 distinguitur,
1609 1330 1671 1365 jure
1693 1328 1840 1372 quaeritur

325 1375 356 1404 in
375 1377 453 1405 azoti
472 1378 629 1413 praesentia
650 1379 755 1418 (79);
785 1387 813 1408 et
838 1380 999 1408 substantia
1027 1380 1156 1409 animalis
1180 1387 1295 1410 naturae
1315 1380 1428 1408 animali
1449 1389 1483 1408 co
1508 1379 1627 1416 propius
1651 1379 1780 1408 accedere
1800 1379 1842 1407 di-

326 1426 420 1463 citus,
441 1434 510 1464 aut,
532 1435 564 1457 ut
586 1429 770 1467 loquuntur,
791 1440 824 1460 eo
843 1431 934 1468 magis
950 1431 1127 1461 animalisata
1149 1431 1291 1466 habetur,
1313 1439 1373 1468 quo
1394 1437 1481 1460 azoto
1501 1430 1590 1461 ditior
1608 1435 1663 1460 est.

1742 1525 1771 1561 §-
1794 1533 1839 1561 32.

352 1611 421 1641 (73)
436 1611 544 1640 rheuma,
560 1615 624 1636 Tom.
639 1614 677 1637 111.
693 1621 717 1642 p.
731 1620 773 1642 523
787 1607 809 1638 in
823 1622 898 1639 annot.

351 1652 365 1681 (
373 1651 420 1681 74)
435 1655 533 1676 ΝΙειηοίν.
548 1662 583 1675 rur
595 1656 617 1675 la
629 1657 758 1682 respiration.

353 1693 365 1721 (
372 1693 417 1722 75)
433 1696 466 1717 De
483 1697 533 1718 aere
546 1696 567 1717 in
582 1696 676 1723 piscium
690 1698 770 1720 vesicis
784 1698 898 1721 natatoriis
913 1704 1020 1722 contento
1031 1714 1039 1726 ‚
1054 1698 1133 1727 Joum.
1141 1698 1184 1726 fiir
1197 1698 1228 1720 dfe
1241 1698 1317 1721 Chi-1⁸0
1329 1703 1367 1719 von
1382 1691 1472 1732 Gehqus
1487 1695 1553 1718 Toffl·
1565 1694 1604 1717 W·

353 1735 416 1763 (76)
434 1738 527 1759 Dicrion.
542 1737 565 1757 de
581 1738 682 1765 Klaprorli
696 1744 716 1759 n
730 1740 805 1767 Wlff,
821 1741 888 1762 Tom.
901 1742 919 1763 1·

353 1776 415 1803 (77)
433 1777 516 1805 Erupit.
542 1779 642 1801 Mamm.
668 1778 757 1807 Physiol.
785 1782 805 1809 s.
826 1785 868 1808 550
887 1786 909 1802 er
927 1785 977 1807 515.
1012 1782 1107 1804 Confer.
1132 1780 1260 1808 Descriptio
1279 1779 1426 1803 mutationum
1439 1793 1448 1806 ‚
1475 1783 1529 1806 ques
1547 1775 1632 1803 unguis
1656 1776 1707 1798 dum
1728 1775 1837 1803 oxydntur

326 1818 447 1844 experitur.

352 1853 419 1885 (7⁸)
433 1860 485 1880 Inte.
498 1858 551 1881 Med.
562 1875 569 1887 ,
586 1859 651 1883 Tom.
668 1862 686 1884 1.
701 1869 723 1889 p.
739 1861 779 1888 367
795 1867 818 1883 et
835 1862 884 1887 ³⁸³²·
903 1869 926 1889 p.
940 1864 981 1889 ⁴⁸4
996 1869 1020 1885 et
1032 1865 1085 1890 487.

351 1898 418 1926 (79)
433 1900 546 1928 Fourcny,
562 1902 617 1929 Syn.
630 1902 653 1923 de
666 1904 757 1930 culmi«,
773 1904 837 1926 Torn.
850 1905 886 1926 IX.
899 1912 920 1931 p.
936 1910 969 1931 3⁹·
984 1915 1011 1922 -
1032 1904 1151 1932 Praecipue
1170 1902 1207 1925 hic
1225 1903 1383 1926 attendendum
1403 1906 1437 1924 est
1452 1902 1478 1924 ad
1494 1901 1596 1929 copiam,
1612 1905 1654 1928 qun
1669 1904 1756 1923 azotum
1766 1900 1836 1922 mult·

324 1939 402 1966 maiori
414 1941 437 1963 in
450 1947 518 1968 regno
531 1942 618 1965 animari
632 1945 756 1972 reperitur,
771 1951 834 1973 quam
848 1945 870 1967 in
887 1945 1018 1972 vegetabili:
1035 1951 1078 1968 tum
1092 1951 1181 1973 quoque
1201 1946 1227 1967 ad
1242 1944 1336 1966 uniones
1349 1944 1469 1970 singulares
1488 1948 1510 1964 et
1526 1941 1677 1969 multiplicet,
1694 1941 1773 1970 quibus
1785 1945 1836 1964 ⁸20-

323 1984 370 2004 tum
383 1982 470 2010 quasvis
483 1983 607 2007 animalium
618 1990 692 2013 partes
704 1985 841 2014 haredum
856 1987 943 2016 plantae
957 1987 1015 2010 enim
1025 2002 1033 2015 ,
1045 1987 1063 2010 si
1074 1993 1120 2010 non
1132 1991 1208 2010 omnes
1216 2001 1223 2014 ,
1238 1985 1345 2014 plurimae
1356 1987 1432 2009 saltem
1446 1988 1535 2008 azotum
1547 1983 1669 2008 continent·
