1940 2474
419 170 950 210 donnas-riano
1014 172 1428 210 uraniam:
1635 181 1685 223 aa

162 264 296 295 tudinum
316 264 409 302 copia.
439 265 527 294 'Cum
549 273 609 302 quo
632 266 699 294 loco
721 263 803 293 conf.
825 262 957 299 inprimis
980 271 1007 292 c.
1030 272 1091 299 432
1112 263 1171 300 Off.
1189 264 1224 299 Ι,
1242 274 1281 301 3ο
1301 272 1328 294 et
1352 274 1397 301 37.
1439 263 1592 294 Orationes
1614 264 1679 302 ejus

164 317 315 347 laudantur
338 316 396 354 Off.
422 316 468 352 H,
493 318 544 345 18:
569 316 604 344 de
625 316 682 344 Or.
700 318 738 352 I,
758 316 806 351 56.
846 315 891 344 De
913 315 1098 344 accusatione
1122 317 1183 354 eJus
1212 317 1243 347 in
1273 318 1434 347 Carbonem
1457 317 1517 346 uid.
1546 315 1604 353 Off.
1627 316 1681 352 ΙΙ,

165 378 221 405 13,
245 378 292 404 14.
333 368 415 397 Vixit
435 367 501 397 item
523 368 700 396 adolescente
729 367 888 403 Cicerone,
917 367 1048 403 obiitque
1072 375 1136 397 ante
1156 368 1244 397 Marii
1269 369 1381 406 fugam:
1413 375 1533 407 mortem
1551 369 1612 405 ejus
1631 368 1681 397 de-

163 417 214 452 flet
235 418 302 451 Cic.
326 419 361 447 de
383 418 438 447 Or.
456 418 518 454 III,
546 428 558 447 1
582 424 611 447 et
633 427 662 447 2.
703 417 755 447 Cf.
778 418 856 448 Era.
878 419 906 447 l..
920 427 949 446 c.
989 419 1140 448 Caeterum
1169 419 1226 449 fuit
1257 420 1581 457 uterquevGraecarum
1613 419 1683 448 lite-⁴

163 478 258 513 rarum
281 476 308 498 et
332 470 497 499 liberalium.
519 470 621 499 artium
642 470 771 506 peritus,
793 470 902 506 quibus
926 472 1075 506 quomodo
1095 472 1130 500 ad
1155 473 1347 508 eloquentiam
1372 478 1537 507 uterentur,
1563 477 1681 508 apparet

163 531 179 556 e
202 522 354 553 Ciceronis
375 523 589 561 'comparatione
612 523 647 552 de
671 523 725 551 Or.
747 523 790 559 H,
813 532 845 552 1:
872 523 930 553 Sed
940 523 1005 560 fuit
1025 524 1074 551 hoc
1093 525 1124 552 in
1144 530 1265 562 utroque
1283 534 1396 560 coram,
1422 531 1455 553 zm
1476 524 1605 553 Crassus
1623 532 1681 552 non

165 576 417 614 tam-existimari
434 575 542 610 vellet,
561 585 617 603 non
639 575 770 604 didicisse
788 576 826 612 (a
850 575 969 604 Graecis
991 581 1064 603 artes
1088 581 1115 604 et
1138 576 1328 613 disciplinas)
1344 586 1429 614 quam
1447 576 1501 604 illa
1517 575 1682 613 despicere,

164 632 192 655 et
214 633 378 656 nostrorum
401 628 546 656 hominum
568 628 600 655 in
627 628 704 655 omni
723 635 829 664 genere
845 626 1038 665 pendentium
1064 627 1185 656 Graccis
1215 627 1382 664 anteferre:
1412 627 1560 656 Antonius
1581 632 1681 655 autem

158 678 383 717 probabiliorem
409 680 458 708 hoe
483 678 587 717 populo
616 680 774 707 orationem
795 678 866 715 fore
895 678 1026 706 censebat
1047 688 1148 714 suam,
1177 681 1202 706 st*
1221 680 1331 707 ommino
1359 678 1492 707 didicisse
1523 686 1682 715 numquam

156 736 340 769 putaretur:
368 737 456 768 atque
480 732 526 759 ita
553 739 581 758 se
603 736 725 768 aterque
752 732 920 767 graviorem
943 729 1032 766 fore,
1063 731 1086 758 si
1117 730 1196 758 alter
1225 736 1424 764 contemnere,
1451 729 1531 757 alter
1547 738 1581 756 ne
1603 737 1685 759 nosse,

160 781 293 819 quidem,
319 781 446 811 Graecos
467 780 629 811 videretur.
653 791 655 793 ¹
675 781 734 819 Qui
761 782 845 809 locus
870 780 994 817 insignis
1014 787 1059 810 est
1082 782 1117 810 ad
1135 781 1366 819 dijudicandum,
1393 787 1532 817 quantum
1559 779 1684 809 Graecis-

161 832 253 861 literis
283 833 436 861 tribuerint
468 832 605 861 Romani.
651 831 711 860 Alii
740 832 836 868 enim,
863 839 896 861 ut
922 833 1061 868 Crassus,
1096 840 1161 860 cum
1197 832 1341 869 quidquid
1368 832 1503 861 haberent
1535 831 1682 861 doetrinae

160 883 281 914 Graecis
302 885 456 920 deberent,
484 891 511 913 et
532 884 589 913 sibi
610 890 638 912 et
662 883 726 912 aliis
747 884 818 920 pius
841 892 940 920 sapere
965 883 1053 912 videri
1075 883 1226 919 volebant,
1257 893 1340 920 quem
1363 884 1407 912 illi
1428 884 1502 920 ipsi,
1529 892 1545 912 a
1569 883 1682 919 quibus

158 935 327 972 sapientiam
351 944 435 964 suam
457 935 656 971 accepissent3
679 942 729 971 et,
752 944 809 971 qua
829 941 908 963 erant
928 935 957 964 in
979 935 1111 964 devictos
1132 934 1264 964 Graecos
1285 935 1436 972 superbia,
1467 943 1620 972 agnoscere
1637 942 1681 963 re-

160 987 320 1023 cusabant,
347 992 378 1016 se
402 994 531 1024 suosque
555 986 633 1016 cives
663 986 692 1015 in
718 995 810 1015 rerum
838 986 1001 1015 divinarum
1035 987 1282 1023 humanarumque
1309 987 1427 1016 scientia
1450 987 1484 1016 ab
1512 987 1568 1015 illis
1595 987 1682 1023 longe

160 1038 310 1075 superari,
333 1038 405 1074 quin
427 1037 522 1067 omnia
546 1046 576 1067 se
593 1037 719 1073 melius,
738 1046 823 1074 quam
845 1031 993 1074 Graecos,
1015 1038 1088 1067 sci—re
1113 1037 1226 1074 saepius
1246 1038 1409 1075 jactabant3
1436 1038 1480 1066 uti
1493 1039 1539 1068 vel
1560 1037 1680 1067 Cicero-

157 1089 210 1120 nis-
225 1090 356 1126 exemplo
379 1095 512 1125 constat,
534 1089 605 1125 qui,
626 1097 766 1126 quantum
787 1089 878 1127 patria
900 1089 999 1126 lingua
1020 1089 1145 1118 Graecae
1167 1090 1278 1119 cederet
1299 1090 1391 1127 probe
1412 1090 1568 1126 conscius,
1590 1089 1684 1118 nimio

157 1145 253 1170 tamen
278 1149 397 1170 suorum
420 1149 516 1170 amore
538 1141 693 1178 abreptus,
721 1141 790 1171 huic
811 1142 887 1171 illam
911 1143 996 1180 longe
1017 1143 1156 1172 anteferre
1180 1152 1243 1172 non.
1264 1144 1433 1179 dubitavit,
1449 1144 1484 1172 de
1501 1144 1570 1172 Fin.
1592 1143 1625 1180 1,
1649 1150 1684 1179 32

158 1190 220 1227 111,
244 1201 261 1220 2
280 1199 307 1220 et
334 1200 387 1228 15:
410 1192 493 1221 Tusa.
518 1193 566 1228 Π,
588 1201 641 1229 15:
664 1186 722 1229 ΠΙ,
750 1201 781 1229 5:
807 1194 874 1222 item
892 1195 926 1223 de
946 1195 1039 1233 Legg.
1058 1194 1095 1230 l,
1116 1204 1146 1231 9.
1187 1195 1265 1230 Alii,
1296 1203 1329 1224 ut
1354 1196 1515 1231 Antonius,
1540 1200 1682 1230 quantum

159 1242 280 1272 Graecis
306 1243 460 1279 deberent,
485 1243 659 1280 sentientes,
692 1245 852 1275 doctrinam
881 1255 963 1276 suam
995 1254 1081 1284 quam
1105 1246 1165 1276 fieri
1197 1252 1309 1284 poterat
1330 1247 1445 1276 minime
1468 1254 1535 1282 prae
1559 1253 1590 1274 se
1610 1244 1684 1273 fere-

157 1293 246 1328 bant,
273 1295 393 1330 ejusque
417 1295 494 1331 apud
519 1297 663 1332 populum
689 1297 854 1334 opinionem
879 1297 1047 1336 fugiebant,
1074 1307 1160 1334 quem
1190 1298 1334 1328 literarum
1359 1304 1387 1326 et
1418 1302 1629 1326 contemtorem·
1650 1302 1681 1325 et

157 1342 390 1380 reprehensorem
414 1338 583 1374 metuerent.
623 1338 759 1378 Similiter
775 1349 834 1380 fere
853 1351 911 1388 egit
931 1350 1015 1389 Aper
1035 1350 1161 1386 Orator,
1183 1351 1218 1379 de
1237 1359 1297 1386 qno
1314 1356 1414 1386 postea
1436 1348 1583 1383 dicemus,
1606 1347 1681 1383 qui,

159 1401 193 1437 pt
212 1400 257 1423 est
281 1403 328 1432 ap.
351 1394 509 1425 Auctorem
532 1396 649 1433 Dialogi
665 1398 701 1427 de
719 1398 826 1428 Causis
851 1402 937 1430 Cot-r.
957 1401 1047 1439 Elog.
1072 1412 1111 1438 9.,-
1130 1403 1273 1430 communi
1295 1401 1456 1429 eruditione
1475 1400 1601 1429 imbutus
1615 1407 1680 1428 con-

156 1446 302 1479 temnebat
322 1448 417 1484 potius
437 1447 541 1476 literas
564 1455 653 1486 quam
676 1450 838 1486 nesciebat,
860 1456 1008 1488 tamquam
1032 1451 1171 1487 majorem
1194 1451 1359 1480 industriae
1379 1458 1407 1479 ct
1430 1451 1538 1480 laboris
1551 1451 1681 1488 gloriam

158 1497 379 1533 habiturus,-si
402 1499 548 1536 ingenium
573 1498 633 1534 q'us
656 1500 745 1528 millis
768 1501 935 1530 alienarum
964 1504 1075 1531 artium
1100 1502 1285 1532 adminiculis
1309 1504 1398 1532 inniti
1417 1502 1578 1533 videretur.
1618 1501 1680 1530 Ali-

156 1555 200 1580 ter
225 1556 325 1578 eontra
354 1549 493 1578 sentiebat
517 1549 615 1586 Cato,
642 1553 745 1590 quippe
767 1554 836 1590 qui,
869 1559 906 1581 ut
927 1553 967 1582 ait
992 1553 1095 1582 Cicero
1119 1553 1154 1582 de
1177 1554 1250 1582 Fin-
1271 1554 1328 1591 ΠΙ,
1360 1564 1393 1590 2,
1422 1564 1458 1583 nc
1485 1553 1679 1591 reprehensio-

158 1610 220 1628 nem
243 1600 357 1639 quidcm
375 1601 458 1639 vulgi
480 1603 597 1630 inanem
628 1603 843 1639 reformidans,
865 1606 897 1632 in
917 1606 980 1642 ipsa
1001 1606 1089 1633 caria
1109 1605 1212 1634 soleret
1227 1606 1322 1645 legere
1343 1614 1425 1644 saepe
1438 1627 1448 1641 ,
1472 1605 1540 1634 dum
1556 1606 1678 1634 Senatus

155 1658 333 1688 mergeretur,v
352 1652 430 1681 nihil
448 1660 551 1691 operae
571 1653 760 1691 Reipublicae
777 1654 950 1692 detrahens,
975 1665 1028 1694 qao
1051 1658 1145 1694 magis
1167 1663 1228 1685 tam
1251 1659 1283 1686 in
1305 1667 1412 1687 smnmo
1435 1658 1509 1693 otio,
1535 1657 1678 1685 maxima-

155 1711 210 1741 que
231 1703 332 1740 copia,
357 1705 442 1740 quasi
463 1705 582 1732 heluari
602 1705 685 1733 libris
694 1725 710 1741 ,-
729 1707 754 1734 si
774 1707 824 1735 hoc
836 1707 920 1737 verbo
936 1709 968 1736 in
994 1718 1055 1737 tam
1070 1708 1234 1747 praeclara
1260 1718 1293 1737 re
1313 1709 1450 1738 utendum
1475 1713 1534 1743 est,
1560 1706 1676 1737 videba-

156 1761 219 1784 tur.
261 1753 417 1782 Caeterum
436 1754 493 1782 etsi
509 1754 556 1784 hic
576 1756 754 1786 Graecarum
767 1767 858 1788 rerum
883 1765 1048 1788 contemtus
1072 1758 1130 1788 fere
1151 1760 1314 1789 communis
1335 1767 1393 1789 erat
1415 1758 1545 1789 omnium
1566 1758 1674 1787 Roma-

155 1812 278 1840 norum,
303 1813 362 1833 non
386 1805 499 1834 deerant
517 1813 629 1843 tamen,
654 1809 704 1844 qui
722 1816 833 1838 tantum
856 1810 912 1839 sibi
932 1810 962 1840 in
983 1810 1109 1840 Graecis
1121 1812 1280 1847 placerent,
1300 1818 1332 1840 ut
1356 1811 1459 1840 Latina
1475 1811 1673 1849 despicerent3

153 1856 242 1886 veluti
261 1855 401 1885 Albucius
423 1856 486 1893 ille,
518 1858 567 1894 qui
592 1858 701 1888 Graece
725 1868 756 1889 se
780 1861 896 1890 salutari
922 1863 1044 1891 malebat
1072 1872 1158 1899 quam
1183 1863 1303 1899 Latine,
1334 1863 1379 1892 uti
1396 1863 1507 1892 Cicero
1529 1861 1614 1891 refert
1637 1868 1672 1889 cx

155 1907 290 1948 Lucilio,
314 1907 349 1937 de
368 1908 434 1938 Fin.
456 1909 489 1945 1,
516 1919 532 1938 2
553 1917 579 1939 et
605 1919 640 1947 3,
670 1911 722 1940 ubi
751 1912 886 1942 adversus
915 1913 1084 1944 istiusmodi
1115 1915 1247 1944 homines
1276 1915 1426 1952 disputat,
1451 1913 1502 1944 Cf.
1518 1920 1545 1942 et
1559 1913 1594 1940 de
1610 1911 1670 1948 Off.

154 1958 186 1993 1,
203 1967 251 1994 31.
293 1958 347 1988 Sed
365 1960 509 1989 redeamus
523 1962 596 1999 iam,
619 1963 693 1991 unde
706 1963 826 2000 digressi
840 1973 962 2000 sumus,
976 1972 1062 2002 atque
1077 1966 1106 1995 in
1123 1965 1295 1994 Oratoribus
1311 1966 1487 1996 recensendis
1504 1971 1671 1999 pergamus·

188 2009 300 2040 Eodem
319 2017 447 2048 tempore
467 2013 502 2042 ad
524 2020 653 2051 magnam
671 2015 851 2052 eloquentiae
879 2017 989 2044 laudem
1017 2016 1079 2046 sine
1101 2016 1223 2046 Graecis
1246 2017 1338 2045 Litoris
1366 2014 1494 2052 pervenit
1518 2015 1550 2043 C.
1577 2014 1670 2043 Titius

929 2066 959 2095 D
981 2074 996 2103 3
1584 2072 1672 2101 eques
