1940 2474
418 148 945 200 οοΜιΜΕΝΤᾸΤῑο
1011 167 1427 203 LI'TAERARIA.
1638 184 1679 206 ,ι

163 264 212 286 tus
236 262 364 292 tempore
389 255 498 284 Licinii
525 254 624 284 Crassi
648 254 794 289 oratoris,
815 253 850 282 de
875 263 934 290 quo
956 254 1017 283 Cic.
1042 254 1071 282 in
1096 254 1187 282 Bruto
1207 263 1263 290 45:
1292 256 1417 285 Easdem
1448 260 1603 296 argutias,
1634 259 1678 289 in-

164 309 246 346 quit,
275 310 307 337 in
327 308 512 346 tragoedias,
542 309 613 336 satis
632 307 683 337 ille
703 306 815 345 quidem
839 313 944 342 acute,
974 305 1024 334 sed
1037 312 1147 343 pamm
1172 308 1303 343 tragice,
1335 309 1501 337 transtulit.
1542 310 1678 346 Denique

163 361 198 389 ad
220 361 276 389 hos
296 360 438 397 Tragicos
463 359 625 388 referendus
644 358 758 388 videtur
780 358 811 386 C.
833 358 956 394 Julius,
986 357 1091 386 Orator
1109 356 1323 395 facetissimus„
1345 359 1482 400 idemque
1500 362 1603 398 Poeta,
1625 363 1678 399 qui

160 413 250 450 paulo
272 419 372 448 postea
389 410 482 447 vixit,
503 411 537 440 de
556 419 617 446 quo
635 408 695 438 vid.
719 408 780 437 Cic.
801 410 824 438 l.
848 418 875 438 c.
896 410 946 445 48.

862 485 980 515 Comiciss

199 566 344 595 Plautum
367 572 395 594 et
417 566 595 602 Caecilium,
617 565 670 602 qui
690 566 837 603 superiore
855 564 978 602 Epocha
998 564 1148 600 vixerunt,
1178 564 1230 593 hac
1255 565 1287 594 in·
1312 565 1435 596 Comico
1458 576 1556 605 genere
1581 569 1676 599 secuti

160 624 231 647 sunt
251 626 326 646 armo
347 618 460 647 circitei⁵
480 624 545 647 ante
566 617 607 646 N.
632 618 671 646 A.
700 618 754 646 160
770 617 807 646 P.
833 616 1002 651 Terentius,
1032 617 1084 652 qui
1105 616 1188 644 illum
1213 617 1350 653 quidem,
1379 625 1412 647 ut
1432 619 1592 655 superiores
1617 629 1678 649 orn-

160 677 231 704 nes,
261 655 421 698 urbanitate
447 676 475 698 et
504 669 642 699 orationis
672 669 809 706 elegantia
838 669 924 705 longe
953 669 1116 704 superavit,
1145 669 1309 697 inveniendi
1342 676 1436 698 tamen
1463 670 1598 700 facultate
1625 672 1681 701 illo

160 721 281 751 inferior
308 728 442 751 censetur
450 731 467 751 2v
489 728 517 751 et
545 722 771 758 L‘..·Afranius‚
800 721 835 749 de
859 728 920 755 quo
945 720 1043 748 Cicer-o
1074 719 1105 748 in
1132 719 1225 748 Bruto
1245 728 1302 756 45:
1331 720 1426 758 Quem
1451 721 1518 758 (C,
1539 721 1678 761 Titium)

160 773 294 802 studebat
312 775 432 802 imitari
449 773 487 802 L.
513 773 652 802 Afranius
669 774 772 811 poeta,
794 773 873 800 homo
892 777 1094 811 peruagatus,
1122 772 1154 799 in
1170 771 1286 808 fabulis
1304 771 1418 810 quidem
1443 774 1549 808 etiam,
1572 780 1605 802 ut
1627 775 1682 802 sci-

160 826 218 860 tis,
239 824 375 854 disertus.
417 825 617 860 Eumdemque
637 824 746 852 multos
768 823 851 851 locos
872 831 887 851 e
904 823 1063 852 Menandro
1083 823 1113 852 in
1135 823 1246 852 fabulas
1270 832 1337 852 suas
1361 824 1546 853 transtulisse
1571 824 1677 861 refert,

159 876 194 905 de
217 876 286 913 Fin.
308 877 339 912 Ι,
363 885 390 913 3.
432 876 565 912 Denique
588 875 629 914 Q.
655 875 798 909 Trabea,
830 875 914 911 cujus
935 875 1018 903 valde
1042 875 1204 904 celebratus
1235 877 1318 905 locus
1343 883 1435 905 exstat
1464 877 1540 913 apud
1561 876 1626 905 Cic..
1642 876 1677 905 de

159 928 228 957 Fin.
250 929 295 964 Π,
315 939 335 964 4
357 935 386 957 et
408 929 490 958 Tusc.
513 929 575 964 lV,
599 937 647 965 31.
690 927 746 956 Sed
766 927 947 964 praestatrde.
959 926 1160 963 superioribus
1184 927 1243 957 illis
1266 934 1393 965 quatuor
1412 936 1557 965 apponere
1575 934 1681 958 versus.

156 978 334 1010 *Horatianos
356 980 438 1018 Epp.
459 980 504 1016 Η,
529 990 564 1016 1,
589 987 626 1017 57
645 989 713 1017 sqq.

157 1040 161 1043 ·
464 1032 596 1061 Dicitur
613 1032 716 1062 Afrani
734 1039 802 1071 toga
822 1033 980 1062 convenisse
997 1032 1164 1062 Menandro
1171 1054 1190 1069 ‚.

465 1084 586 1114 Plautus
610 1085 653 1114 ad
670 1085 820 1123 exemplar
839 1087 932 1116 Siculi
950 1095 1116 1126 properare
1128 1087 1334 1126 ‚Epidius-mi,

464 1136 588 1166 Vincere
608 1137 754 1167 Caecilius
773 1141 945 1176 gravitate,
966 1139 1121 1169 Terentius
1145 1146 1224 1168 arte.

155 1186 339 1225 Quibuscum
367 1188 444 1218 haud
470 1190 592 1219 alienum
614 1190 667 1220 erit
690 1191 900 1228 comparavisse
920 1200 1025 1221 versus
1048 1191 1176 1221 Volcatii
1196 1191 1339 1230 Sedigiti,
1363 1190 1394 1220 in
1414 1190 1489 1221 libro
1506 1190 1543 1220 de
1559 1189 1678 1227 Poetis,

158 1246 235 1273 quos
256 1241 382 1271 servavit
407 1241 520 1276 Gellius
539 1242 613 1277 XV,
635 1251 690 1277 243
714 1242 824 1278 quibus
845 1243 1017 1273 sementiam
1039 1243 1074 1271 de
1098 1242 1229 1272 Cornicis
1251 1243 1291 1272 ita
1307 1242 1397 1272 dixit:

310 1298 313 1299 ⁷
434 1293 576 1337 ’.Μαίων
599 1294 723 1322 incertos
741 1300 859 1322 certare
878 1295 954 1322 hanc
976 1303 1037 1322 rem
1057 1293 1136 1324 video
1144 1314 1164 1330 ,.

461 1344 597 1372 ,Palmam
612 1346 718 1382 poetae
737 1347 841 1374 comico
861 1347 909 1374 em·
929 1345 1076 1382 deferant.

461 1394 541 1424 Eum
562 1404 626 1423 meo*
633 1396 750 1432 judicio
774 1405 903 1425 errorem
926 1397 1078 1430 dissolvam
1101 1397 1170 1426 tihi:

415 1458 420 1463 ·
464 1445 507 1473 Ut
526 1452 630 1475 contra
652 1449 677 1474 si
699 1449 762 1485 quis
785 1449 909 1483 sentiat,
931 1449 1009 1476 nihil
1026 1449 1145 1478 sentiat.
1389 1468 1405 1486 ⁴⁸.

462 1495 603 1525 Caeculio
617 1498 751 1535 palmam
771 1498 863 1529 Statio
880 1499 915 1527 do
935 1501 1054 1529 comico:

463 1545 583 1576 Plautus
604 1550 743 1579 secundus
753 1550 849 1586 facile
873 1558 1029 1589 exsuperat
1051 1557 1178 1580 ceteros:

462 1598 543 1628 Dein
561 1600 711 1637 Naevius,
731 1604 783 1640 qui
799 1608 893 1632 servet
910 1605 1061 1640 pretium,
1083 1602 1236 1632 tertiu’str

462 1651 495 1679 Si
518 1653 592 1687 erit,
613 1653 692 1690 quod
709 1660 836 1692 quarto,
858 1654 980 1683 dabitur
998 1655 1133 1685 Licinio:

463 1700 532 1729 Post
551 1703 665 1742 insequi
687 1704 836 1735 Licinium
852 1706 935 1742 facis
954 1706 1100 1735 Atilium:

464 1751 500 1780 In
520 1760 598 1783 sexto
620 1758 754 1795 sequitur
774 1758 820 1787 hos
844 1758 902 1786 loco
920 1758 1075 1787 Terentius
1085 1767 1100 1787 :-

461 1801 615 1840 Turpilius
637 1810 807 1846 septitnum,
829 1809 955 1839 Trabeas
978 1817 1107 1840 octavam
1132 1810 1253 1838 obtinet,

461 1854 552 1884 Nono
569 1857 628 1885 loco
648 1867 704 1887 esse
718 1859 815 1896 facile
831 1861 915 1898 facio
937 1860 1097 1892 Lusciufii:

462 1907 615 1939 Decimum
635 1912 710 1941 addo
732 1923 822 1944 causa
843 1917 1033 1955 antiquitatis
1052 1913 1196 1944 Ennium.

155 1953 189 1985 In
211 1956 320 1992 quibus
340 1965 406 1988 sane
426 1959 530 1990 mirum
549 1969 593 1991 est
611 1964 719 1993 nullam
743 1965 804 1995 fieri
821 1967 950 2004 Afranii
975 1965 1161 1995 mentionem·
1201 1961 1322 1992 Plautus
1343 1963 1458 1999 quidem
1480 1964 1592 2001 egregie
1609 1964 1673 1994 red-

156 2007 226 2038 dere
243 2016 386 2048 personae
407 2012 493 2043 scivit
511 2017 712 2046 convenientia
730 2019 855 2057 cuique‚·
874 2017 1062 2056 quamobrem
1081 2023 1128 2045 vs.
1154 2022 1209 2052 170
1232 2022 1278 2052 sq.
1320 2013 1461 2044 Horatius
1484 2014 1596 2052 inquit:

906 2069 932 2100 C
956 2078 973 2107 3
1612 2067 1676 2097 Ad·
