1940 2474
287 169 329 206 3,
544 162 698 202 JANI
762 168 1129 203 T-Hssononi
1195 170 1534 204 BERGMAN

289 256 382 286 Bruto
408 265 442 291 17
465 255 627 285 Ciceronem
647 246 662 285 e
686 264 737 284 sua
760 256 899 285 sententia
919 255 1022 292 loqui,
1049 256 1259 292 posterioribus
1279 263 1374 287 autem
1403 258 1448 287 hIs
1473 266 1507 288 ex
1530 258 1652 288 Antonii
1673 265 1700 288 et
1720 257 1800 289 Atti'·

288 308 335 343 ci,
357 316 433 344 quos
458 308 612 344 loquentes
636 307 765 343 inducit,
787 316 909 345 persona
932 307 1103 344 scripsisse3
1130 317 1145 337 a
1166 316 1290 345 quorum
1312 299 1501 346 opinionibus
1522 310 1622 347 ipsius
1646 311 1798 348 opiniones

289 358 403 395 saepius
422 351 630 395 discrepabant.
672 358 810 388 Similiter
831 360 865 388 de
886 359 1050 395 eloquentia
1068 358 1194 396 Galbae,
1216 360 1355 396 Catonis,
1377 361 1556 397 aliorumque
1578 362 1659 390 aliter
1677 362 1802 391 sentien-

288 416 345 438 tem
376 409 503 439 vidimus
534 410 566 438 in
594 410 686 438 Bruto
714 419 748 445 17
771 417 798 439 et
818 420 852 439 21
867 425 904 433 —
921 420 957 447 23
974 410 1163 447 Ciceronem,
1191 411 1272 440 aliter
1297 412 1429 441 Atticum
1453 422 1479 441 c.
1504 415 1540 449 85
1563 419 1591 442 et
1609 413 1656 441 86.
1701 413 1800 449 Atque

287 461 355 490 haec
379 470 565 498 persona-rum
590 461 795 491 animadversio
820 461 849 490 in
866 461 1016 492 Ciceronis
1032 462 1114 493 libris
1129 462 1347 500 interpretandis
1365 464 1479 500 saepius
1499 466 1618 494 tenenda
1640 471 1703 500 est,
1723 463 1800 501 m'ag-

285 521 410 549 namque
439 513 592 542 utilitatem
614 513 700 541 habet
725 513 759 541 ad
781 513 934 542 tollendam
949 535 959 549 ‚
989 523 1062 550 quae
1089 522 1297 551 nonnunquam
1324 523 1386 544 esse
1411 516 1542 552 videtur,
1571 516 1794 553 repugnantiam.

287 564 377 603 Quod
396 571 490 593 autem
508 565 543 593 ad
567 564 694 597 diversas
717 564 751 593 de
775 564 886 593 Catone
914 567 1069 595 sententias
1091 566 1211 602 attinet,
1240 566 1361 603 propius
1386 567 1420 595 ad
1437 567 1581 596 veritatem
1605 565 1736 598 accedere
1753 567 1798 596 vi-

285 617 369 646 detur
388 616 480 645 Attici
497 622 524 645 et
543 615 667 645 Antonii
689 617 723 644 de
740 624 774 645 eo
797 622 824 644 et
843 615 963 652 reliquis
983 617 1143 646 Historicis
1163 617 1323 655 judicium,
1346 617 1455 654 quippe
1476 619 1568 656 ipsius
1589 620 1703 657 linguae
1718 618 1800 670 1,ἢέ-

285 675 339 698 nae
357 667 418 697 ista
437 674 526 697 aetate
549 668 676 696 nondum
695 668 838 704 expolitae
859 668 951 696 indoli
976 669 1066 706 tnagis
1081 675 1318 698 consentaneum.

323 718 410 748 Istam
433 725 525 748 autem
545 718 730 755 antiquorum
752 719 903 748 exilitatem
928 719 1108 756 aliquantum
1126 721 1253 750 correxit
1278 722 1318 750 L.
1341 722 1453 751 Coelius
1475 722 1656 762 Antipater,
1678 722 1730 759 qui
1750 722 1803 752 flo-

287 770 345 799 ruit
361 770 474 799 circiter
489 772 529 800 A.
552 770 593 799 U.
615 772 683 806 625.
724 770 771 799 Sic
795 770 869 800 enim
891 771 1020 808 judicant
1040 771 1123 800 iidem
1142 772 1285 801 Antonius
1301 779 1329 801 et
1351 774 1468 803 Atticus
1488 775 1565 811 apud
1586 774 1647 803 Cic.
1672 775 1692 803 l.
1711 769 1743 802 c.
1767 773 1804 804 do

286 821 342 850 Or.
367 822 414 850 hic
431 821 588 859 paululum
609 831 638 850 se
658 824 772 857 erexit,
795 829 822 850 et
843 822 959 851 addidit
974 823 1123 851 Historiae
1137 822 1275 858 majorem
1297 834 1393 854 sonum
1408 827 1501 861 vocis,
1519 832 1546 854 et
1564 826 1599 854 de
1614 826 1706 863 Legg.
1723 824 1804 854 Pau·

285 872 315 900 lo
334 872 448 909 inflavit
469 873 680 908 vehementius,
701 873 857 911 habuitque
874 875 949 902 vires
970 880 1096 911 agrestes
1121 875 1172 903 ille
1202 876 1316 913 quidem
1339 883 1426 915 atque
1452 876 1589 905 horridas
1617 877 1678 907 sine
1704 877 1799 904 nitore

288 932 324 952 ac
343 923 519 961 palaestra,
541 922 592 951 scd
607 929 704 951 tamen
722 922 875 952 admonere
896 924 1020 963 reliquos
1040 927 1155 963 potuit,
1177 932 1209 954 ut
1233 919 1401 956 aceuratius
1423 927 1592 956 scriberent.
1633 926 1684 956 Cf.
1704 933 1733 956 et
1753 927 1798 956 Ci-

284 975 396 1003 ceronis
419 973 513 1010 ipsius
530 974 671 1011 judicium
692 974 722 1003 in
743 974 835 1003 Bruto
856 976 893 1005 26
916 975 946 1004 in
969 975 992 1004 f.

324 1024 396 1054 Post
413 1025 598 1062 Antipatrum
620 1034 688 1055 vero
710 1034 811 1055 rursus
833 1027 993 1056 decrescere
1015 1027 1112 1064 coepit
1132 1027 1278 1057 Historiae
1300 1028 1438 1066 scriptio,
1459 1035 1487 1057 et
1502 1030 1538 1058 ad
1555 1028 1741 1064 antiquorum
1760 1029 1802 1067 je-

283 1075 435 1114 §unitatem
453 1075 555 1105 redire.
595 1076 708 1112 Ceteri,
729 1077 825 1113 inquit
842 1077 990 1107 Antonius
1013 1078 1048 1107 de
1071 1079 1125 1108 Or.
1144 1080 1164 1108 l.
1182 1088 1231 1117 c.,
1252 1089 1307 1109 non
1324 1086 1509 1109 exornatores
1530 1086 1649 1116 rerum,
1670 1079 1721 1108 sed
1737 1085 1804 1109 tanis

287 1132 349 1156 tum
369 1127 448 1156 modo
471 1133 645 1156 narratores
661 1128 810 1165 fuerunt:
830 1136 857 1158 et
872 1130 991 1159 Atticus
1007 1130 1041 1159 de
1063 1131 1156 1169 Legg.
1176 1132 1196 1160 l.
1210 1141 1238 1161 c.
1279 1128 1356 1160 Eece
1371 1138 1487 1166 autem,
1509 1130 1624 1167 inquit,
1647 1140 1802 1161 successere

287 1177 354 1207 huie
365 1178 475 1214 Gellii,
496 1179 641 1215 Clodius,
662 1179 792 1216 Asellio,
813 1180 891 1209 nihil
904 1180 947 1209 ad
960 1180 1093 1212 Coelium
1114 1182 1160 1219 (i.
1179 1191 1206 1212 e.
1223 1184 1259 1213 ad
1271 1183 1479 1220 Antipatrum)
1493 1182 1543 1211 sed
1554 1183 1653 1221 potius
1668 1183 1712 1212 ad
1722 1184 1802 1212 anti-

286 1237 411 1267 quorum
427 1230 599 1268 languorem
615 1237 703 1270 atque
716 1233 874 1261 inscitiam.
914 1232 1042 1262 Fuerunt
1063 1240 1157 1263 autem
1179 1234 1229 1263 isti
1251 1243 1351 1264 omnes
1372 1234 1497 1272 ejusdem
1520 1233 1595 1269 fere,
1617 1235 1702 1272 cujus
1717 1233 1802 1265 Anti-

286 1285 391 1317 pater,
411 1281 529 1317 aetatis3
551 1290 617 1310 cum
639 1282 676 1310 P.
695 1284 879 1322 Sempronius
892 1284 1001 1313 Asellio
1022 1292 1050 1313 et
1068 1285 1185 1314 Clodius
1198 1286 1352 1322 Licinius,
1375 1292 1436 1314 tum
1456 1285 1509 1314 Cn.
1536 1291 1564 1313 et
1586 1286 1668 1314 Sext.
1691 1286 1802 1321 Gellii,

283 1331 324 1360 de
346 1330 454 1367 quibus
485 1331 527 1362 cf.
556 1332 633 1363 Ern.
659 1333 688 1363 in
713 1334 757 1363 Cl.
781 1335 892 1364 Praeter
909 1344 958 1364 eos
985 1335 1033 1364 aiii
1059 1335 1176 1365 fuerunt
1198 1336 1340 1366 Historici
1355 1355 1366 1368 2
1393 1337 1431 1361 L·
1459 1335 1573 1361 Cassius
1591 1335 1735 1372 Hemina,
1762 1336 1797 1365 C.

288 1384 473 1423 Sempronius
488 1385 667 1424 Tuditanus,
688 1386 730 1426 Q.
753 1388 862 1418 Fabius
881 1388 1035 1422 Maximus
1051 1387 1253 1421 servilianus,
1281 1392 1380 1415 Omnes
1402 1384 1500 1414 eodem
1522 1391 1640 1414 numero
1664 1385 1796 1417 habendi.

1007 1481 1023 1517 §
1063 1480 1093 1508 6.

849 1567 897 1597 De
916 1568 1120 1607 Philosophiae,
1132 1566 1247 1609 Studio.

324 1640 482 1678 superest,
503 1647 536 1671 ut
559 1643 594 1672 de
616 1643 808 1680 Philosophia
829 1643 1028 1675 Romanorum
1050 1645 1200 1681 dicamus,
1230 1650 1301 1680 quae
1321 1642 1378 1672 hoc
1399 1642 1512 1671 demum
1544 1642 1682 1679 temporis
1707 1641 1801 1678 spatio

284 1703 351 1726 orta
372 1703 426 1726 est.
465 1697 540 1727 Nam
566 1699 646 1735 quod
668 1705 749 1728 antea
772 1698 864 1727 fuisse
883 1705 980 1728 censet
1005 1698 1104 1727 Cicero
1127 1697 1152 1725 T
1151 1705 1209 1725 use.
1222 1695 1284 1732 IV,
1307 1703 1319 1723 1
1339 1700 1366 1722 et
1382 1704 1399 1723 2
1422 1693 1628 1727 Philosophiae
1650 1691 1799 1727 studium,

286 1747 318 1776 id
337 1748 451 1776 nullum
479 1747 537 1777 fere
561 1748 680 1786 fuisse,
708 1758 802 1786 neque
820 1749 1018 1787 philosophos
1044 1749 1209 1785 eestitisse,
1233 1754 1315 1777 antea
1342 1747 1398 1783 jam
1430 1741 1567 1772 diximus.
1615 1742 1799 1781 Quapropter

286 1806 363 1828 recte
381 1799 449 1830 Cic.
472 1809 500 1829 c.
521 1810 556 1838 3²
576 1802 744 1841 Sapientiae
763 1802 910 1837 studium,
932 1802 1046 1838 inquit,
1068 1807 1147 1831 vetus
1160 1799 1195 1828 id
1216 1799 1328 1839 qm'dem
1351 1798 1383 1825 in
1407 1796 1530 1824 nostris:
1551 1794 1602 1823 sed
1616 1800 1713 1822 tamen
1734 1800 1801 1823 ante

289 1849 388 1879 Laelii
410 1851 586 1881 aetatem'et
605 1854 745 1892 Scipionis
775 1863 830 1883 non
860 1855 992 1892 reperio,
1018 1862 1085 1891 quos
1111 1851 1262 1890 appellare
1286 1850 1388 1889 possim
1421 1848 1600 1876 nominatim.
1648 1845 1703 1875 His
1727 1846 1801 1876 enim

286 1899 520 1933 adolescentibus
542 1905 593 1935 01.
616 1905 731 1941 CLVI,
755 1915 768 1934 1
801 1906 842 1935 A.
863 1904 903 1935 U.
925 1907 978 1942 598
1004 1910 1069 1933 ante
1087 1902 1130 1932 N.
1155 1902 1194 1932 A.
1222 1902 1297 1938 156,
1327 1901 1447 1930 Romam
1468 1898 1548 1928 venit
1569 1897 1674 1928 nobilis
1696 1897 1743 1926 illa
1762 1898 1803 1926 le·-

290 1951 369 1988 ssat'lo
399 1950 487 1980 ttium
515 1956 689 1986 diversarum
712 1955 917 1991 Philosophiae
946 1957 1116 1985 Scholarum
1139 1955 1289 1984 doctorum
1305 1974 1316 1989 ,
1345 1952 1483 1989 Diogenis
1507 1951 1614 1986 Stoici,
1643 1948 1804 1979 Carneadis

292 2001 479 2040 Academici,
499 2002 627 2033 Critolai
636 2007 845 2044 Peripatetici,
867 2015 941 2043 quos
956 2007 1147 2038 Athenienses
1166 2006 1202 2038 ad
1217 2005 1351 2037 Senatum
1371 2002 1523 2040 miserant,
1544 2003 1581 2032 ad
1599 2001 1800 2040 deprecandam

1731 2051 1803 2082 mul-
