1960 2500
325 153 373 195 46
778 147 813 183 J.
875 156 1002 182 VAN
1058 145 1394 182 VOORS'I'

374 253 520 284 Caeteros
547 246 708 290 Principes
734 245 875 289 aliosque
902 245 1074 279 Civitatum
1104 247 1341 288 Europaearum
1371 245 1585 286 Moderatores
1601 272 1610 288 ‚
1641 250 1839 295 Religionem

330 308 540 341 Christianam
563 303 767 346 profitentes,
791 302 830 333 ab
856 302 906 333 his
928 301 1063 344 singulis
1081 303 1250 344 separatim
1278 302 1318 334 ad
1338 302 1484 335 Foederis
1511 306 1692 340 societatem
1725 310 1841 342 invita-

330 371 378 396 tos
399 373 485 401 esse,
508 367 640 393 constat.
686 358 775 394 Conf.
797 358 880 393 infra
899 358 1039 392 notanda
1060 359 1098 390 N,
1119 362 1129 398 (
1147 357 1217 400 13.)

372 477 383 511 (
396 476 437 520 7)
458 478 568 516 Quum
589 476 738 507 Civitates
751 475 928 508 Helveticae
940 499 948 512 ‚
972 485 1081 507 mense
1098 475 1279 519 Septembri
1291 477 1504 508 MDCCCXVI
1515 501 1524 516 ‚
1548 478 1750 520 Imperatoris
1763 481 1843 511 Rus-

328 535 385 566 sici
415 535 546 565 nomine
575 533 725 564 invitatae
748 539 871 573 essent,
903 539 939 563 ut
977 534 1011 564 in
1053 532 1296 564 Foederatorum
1323 535 1503 565 societatem
1529 535 1693 573 venirent,
1726 534 1766 566 de
1795 536 1844 567 rei

330 590 491 621 inauditae
512 589 647 621 consilio
670 589 849 632 modoque,
873 600 938 632 quo
966 589 1099 620 aliarum
1124 590 1268 632 gentium
1290 590 1504 621 Moderatores
1524 602 1556 622 se
1579 591 1844 630 obstrinxissent,

327 647 453 679 edoceri
497 646 701 690 cupientibus
746 647 804 678 Vir
845 645 1069 689 Amplissimus
1109 645 1150 676 de
1189 646 1354 677 Krudeaer
1368 671 1377 685 ‚
1422 648 1624 690 Imperatoris
1665 645 1755 690 apud
1792 658 1846 679 eas

330 703 469 745 legatus,
501 714 567 735 rem
590 704 770 734 universam
790 703 937 746 exposuit
959 709 990 734 et
1007 702 1203 746 explanavit,
1232 710 1263 734 et
1279 703 1343 735 huc
1360 704 1591 746 pertinentium
1613 703 1844 746 scripturarum
1896 735 1899 739 ,

330 760 476 803 exempla
499 771 572 791 cum
599 760 638 791 iis
661 760 929 797 communicavit,
951 766 982 790 et
1001 759 1040 790 de
1060 770 1206 791 ramelei:
1238 771 1468 792 cusanam-om:
1492 772 1686 792 ΒΜΤΑΝΜΑΕ
1707 771 1845 792 merul:

329 817 454 855 retulit,
476 816 563 847 hunc
588 827 626 848 eo
658 816 776 855 modo,
799 823 835 847 ut
862 826 880 847 a
904 817 1033 847 caeteris
1059 815 1177 848 factum
1202 817 1242 847 sit
1268 817 1466 859 Principibus
1481 842 1490 855 ,
1519 817 1649 848 Foederi
1675 828 1742 848 non
1767 816 1845 847 sub·
1872 836 1873 839 =

328 873 488 916 scripsisse
501 896 510 911 ,
532 872 793 916 quandoquidem
811 873 864 904 hic
887 872 1108 904 subscribendi
1133 873 1248 904 modus
1263 897 1272 910 ‚
1293 884 1310 904 a
1330 874 1474 916 Principe
1498 874 1602 905 soium
1628 872 1847 916 peragendus,¹

328 930 492 972 regiminis
518 928 637 960 formae
662 929 860 960 Britannicae
890 940 957 959 non
984 930 1191 960 conveniret:
1228 942 1243 958 <c
1259 932 1302 960 Le
1336 933 1454 961 Prince
1472 932 1600 975 fingent
1628 929 1847 972 d’Angleterre

327 985 378 1026 n’y
414 996 436 1016 a
455 994 509 1027 ‘pu
540 984 673 1015 acce'der
691 984 952 1023 sormellement,
989 995 1089 1026 parce
1114 996 1177 1027 que
1208 985 1240 1016 la
1275 988 1471 1017 constitatz'on
1508 986 1724 1029 d'Angleter-re
1755 989 1846 1028 exige

329 1052 391 1084 que
418 1040 460 1071 les
482 1043 586 1072 [faites
612 1043 714 1072 soient
731 1042 935 1084 cormesz'gne's
955 1040 1032 1071 d¹un
1056 1044 1191 1073 ministre
1212 1042 1410 1085 responsczble
1421 1054 1433 1080 ‚·
1456 1053 1512 1081 or,
1535 1042 1568 1073 la
1593 1044 1623 1074 S.
1638 1041 1786 1073 Allz'ance
1805 1047 1850 1073 est

327 1097 457 1129 conclue
479 1096 682 1128 directement
702 1104 788 1128 entre
813 1097 855 1128 les
883 1097 1102 1133 Souverains‚”
1148 1098 1298 1137 Addidit,
1329 1099 1380 1130 vel
1404 1100 1450 1130 sic
1476 1105 1581 1130 tamen
1608 1099 1696 1130 hunc
1725 1098 1849 1130 Princi-

327 1164 418 1198 pem,
440 1153 529 1197 quod
553 1153 592 1184 ad
616 1164 649 1185 se
672 1155 836 1193 attineret,
856 1154 923 1196 jam
953 1153 1005 1185 die
1028 1154 1225 1186 VlOctob1·is
1242 1157 1458 1193 MDCCCXV,
1481 1155 1579 1186 literis
1610 1155 1650 1186 ad
1676 1157 1848 1197 Imperato-

329 1221 396 1243 rem
431 1213 607 1241 Russorum
643 1211 768 1254 seriptis
785 1235 794 1250 ,
835 1210 980 1242 animum
1015 1210 1149 1242 candide
1183 1212 1341 1254 aperuisse
1357 1235 1366 1250 ,
1397 1211 1576 1255 diserte-qne
1615 1217 1764 1243 testatum
1800 1221 1849 1242 es·

330 1277 379 1306 se,
402 1268 506 1298 Sancti
534 1266 678 1298 Foederis
705 1267 789 1310 leges
808 1274 840 1299 et
864 1266 1071 1298 fundamenta
1095 1267 1156 1299 sibi
1186 1268 1280 1311 plane
1314 1268 1462 1312 probari,
1494 1275 1525 1299 et
1553 1279 1586 1299 se
1610 1268 1692 1299 hanc
1717 1277 1848 1311 quoque
1874 1297 1879 1300 ,

330 1329 512 1354 constanter
546 1325 637 1366 sequi
663 1323 743 1355 velle
769 1324 911 1367 regulam
927 1348 935 1363 ,
963 1335 1044 1367 quae
1069 1324 1244 1367 Religionis
1275 1325 1470 1357 Christianae
1492 1326 1666 1369 praeceptis
1692 1325 1850 1355 continea-

334 1386 398 1412 tur.
444 1382 552 1423 Ipsum
577 1380 735 1422 Epistolae
761 1387 986 1426 argumentum
1013 1381 1072 1412 hac
1098 1382 1264 1414 occasione
1289 1383 1324 1414 in
1355 1382 1460 1414 lucem
1485 1387 1683 1427 protractum
1708 1387 1773 1419 est,
1796 1380 1847 1412 his

335 1436 442 1470 verbis
465 1443 670 1470 contentum:
1849 1442 1851 1446 “

1100 1553 1360 1588 Carlton-House
1381 1566 1415 1587 vl
1440 1554 1574 1587 Octobre
1595 1552 1807 1586 MDCCCXV.

562 1670 642 1701 M'on
664 1670 740 1702 cher
760 1673 855 1704 Frere
878 1680 909 1705 et
932 1677 1064 1715 Cousin,

377 1767 440 1800 J’ai
463 1779 503 1800 eu
524 1767 544 1800 l'
545 1768 691 1801 honneur
721 1771 763 1803 de
789 1776 936 1805 recevoir
961 1774 994 1805 la
1023 1774 1109 1806 lettre
1140 1774 1182 1806 de
1210 1778 1247 1807 V.
1271 1778 1316 1808 M.
1337 1775 1361 1808 I.
1392 1785 1474 1806 avec
1512 1773 1545 1805 la
1567 1775 1658 1816 copie
1684 1771 1729 1803 du
1760 1771 1849 1802 truite

336 1832 426 1857 entre
457 1828 494 1857 V.
509 1828 557 1858 M.
589 1834 619 1857 et
645 1829 710 1859 Vos
733 1830 964 1869 Haut-Allie's,
985 1833 1069 1874 signe
1094 1831 1116 1863 ὰ
1143 1835 1235 1864 Paris
1262 1832 1291 1863 le
1313 1843 1390 1863 xxw
1412 1831 1604 1874 Septembre.
1649 1832 1777 1861 Comme
1808 1826 1852 1858 les

324 1882 449 1918 somne-5
474 1881 515 1913 de
545 1882 577 1913 la
607 1887 805 1917 constitution
835 1889 1040 1931 Britannique
1063 1898 1125 1931 que
1142 1890 1182 1931 je
1207 1892 1268 1920 suis·
1295 1887 1408 1932 appele
1439 1888 1462 1920 ὰ
1485 1889 1670 1925 maintenir,
1702 1896 1745 1916 au
1773 1893 1850 1914 nom

334 1945 365 1969 et
382 1937 407 1968 ὰ
420 1937 518 1981 place
549 1937 593 1970 du
619 1942 682 1971 Boi
708 1953 784 1973 mon
813 1944 894 1974 Pete
908 1967 919 1984 ‚
942 1944 1179 1989 m‘empe‘clzenr
1192 1944 1358 1985 d'acceider
1386 1955 1431 1976 au
1462 1946 1552 1976 trane
1573 1954 1646 1974 sous
1671 1941 1703 1972 la
1716 1943 1848 1978 forme,

338 1994 419 2025 dans
440 1994 578 2038 laquelle
606 1996 631 2028 il
652 1996 737 2030 m'est
753 2002 923 2044 presente,
937 2001 977 2043 je
999 2004 1085 2033 saisis·
1107 2009 1185 2034 cette
1209 2004 1282 2034 vote
1297 2012 1389 2045 pour
1407 2001 1500 2040 sacre
1522 2001 1676 2044 parvenit·
1700 2007 1768 2030 aux
1789 2005 1848 2027 au-

1747 2059 1847 2097 gustes
