1940 2474
254 171 299 212 ῃ
517 169 679 204 1AN1
744 169 1111 206 THEODORI
1176 171 1521 210 BERGMAJ

975 273 1003 308 §-
1043 281 1072 310 7·

907 355 940 384 de
958 356 1117 385 Rhetorica
1127 377 1142 391 ‚-

254 434 289 464 de
310 443 366 471 qua
398 435 501 465 eadem⁴
520 435 580 464 fere
610 437 727 466 dicenda
751 444 830 467 sunt.
887 437 998 467 Relicta
1027 438 1102 467 enim
1130 446 1211 473 vera,
1240 446 1297 474 qua
1331 438 1366 466 ad
1400 437 1604 474 Eloquentiam
1632 436 1770 476 perveni‘-

254 491 321 520 τω,
344 486 407 522 vla,
436 480 579 517 Rhetores
603 497 721 525 quoque
739 490 774 517 ad
797 497 827 517 ca
849 489 1072 526 descenderunt,
1102 498 1174 526 quae
1194 499 1293 519 vanam
1315 489 1416 526 potius
1441 491 1649 527 garrulitatem,
1680 491 1768 527 quant

252 535 435 573 facundiam,
453 540 568 568 alerent.
611 540 736 578 Insignis
758 541 792 568 de
813 540 940 576 ipsorum
963 542 1042 570 vitiis
1066 543 1148 571 locus
1169 542 1198 570 in
1215 542 1291 570 Dial.
1312 548 1346 570 ac
1366 541 1466 570 Causlr
1490 542 1575 571 Corr.
1600 543 1674 581 Esoq
1712 549 1766 579 353

255 587 307 615 ubi
328 588 471 618 Messalla
491 592 628 627 loquendi
649 592 779 629 partibus
801 591 1012 629 fungensQeos
1033 594 1155 623 istorum
1177 593 1283 623 similes
1306 593 1398 623 fuisse
1418 594 1476 630 ait,
1499 603 1572 630 quos
1597 595 1684 631 paulo
1703 600 1768 622 ante

254 639 405 668 Ciceronis
433 649 549 671 aetatem
580 644 685 679 ejectos
714 652 795 679 esse,
826 645 904 679 quod
927 644 1117 680 impudentiae
1145 646 1243 674 ludum
1273 646 1481 682 aperuissent,
1510 655 1596 682 snpra
1624 646 1769 680 dixnnus‚

255 689 364 727 Epoch.
382 692 420 720 111
442 694 457 729 §
481 702 508 728 7.
550 694 691 731 Adjungit
708 694 862 730 Messalla,
893 701 921 722 et
938 695 1034 731 ipsum
1058 696 1185 725 discendi
1203 698 1319 731 locum,
1343 706 1402 732 quo
1426 697 1502 725 nihil·
1517 697 1623 725 inesset
1645 704 1773 725 reveren-

254 740 326 775 tiae,
348 749 375 770 et
398 744 666 780 condiscipulorum
689 745 844 774 confusam
864 746 995 781 turbam,
1018 753 1045 775 et
1068 756 1157 784 genus
1180 748 1363 783 studiorum,
1394 749 1474 784 quod
1497 749 1553 784 (ut
1570 748 1611 776 uit
1633 756 1697 784 cap.
1717 747 1775 784 31)

255 791 333 819 fictis
355 801 406 821 ncc
430 795 490 822 ullo
515 796 602 824 modo
625 797 660 824 ad
675 796 822 825 veritatem
851 798 1053 826 accedentibus
1080 800 1286 828 controversiis
1313 796 1477 834 constaret,
1508 799 1617 834 quibus
1646 799 1774 834 linguam

257 843 344 870 modo
367 850 393 870 et
417 852 516 872 vocem
540 854 717 881 exn-cerem,
740 847 896 882 plurimum
920 849 985 876 mali
1003 849 1124 884 ingeniis
1147 851 1289 877 attulisse.
1330 850 1409 887 Quid
1432 859 1537 885 porro,
1562 850 1642 885 quod
1659 844 1776 885 plurimi¹

255 892 397 922 Rhetores
419 895 644 925 adolescentium
670 897 739 926 vitia
768 906 827 927 non
855 899 1075 927 animadvertere
1106 907 1137 926 se
1165 898 1365 933 simulabant,
1386 900 1442 928 imo
1471 900 1572 936 potius
1600 900 1776 936 laudabant,

252 943 372 980 itaque,
402 952 435 974 ut
461 947 590 982 queritur
621 948 654 986 Q
672 949 843 977 lnctilianus
867 949 904 985 J.
930 949 965 976 O.
991 949 1036 983 ΙΙ,
1068 959 1101 984 α,
1127 949 1340 986 discipulorum
1370 950 1558 984 superbiam,
1586 955 1725 977 tumorem
1747 958 1776 980 et

257 994 355 1023 inanes
372 996 406 1024 de
431 1006 460 1025 se
484 998 556 1033 ipsis
576 1000 749 1035 opiniones,
771 1000 900 1028 alebant:
924 1000 999 1028 unde
1015 999 1123 1029 factum
1146 1008 1208 1029 esse
1232 993 1284 1036 ut,
1309 999 1361 1036 qui
1384 1000 1498 1029 scholas
1516 999 1676 1028 Rhetorum
1693 999 1776 1030 relin-

258 1054 393 1083 querent,
423 1056 523 1084 magna
553 1059 619 1079 cum
641 1051 757 1080 audacia
782 1060 814 1080 ac
840 1051 1015 1086 temeritate,
1044 1052 1124 1080 nulla
1153 1052 1298 1081 seniorum
1326 1051 1498 1088 reverentia,
1525 1051 1621 1081 forum
1646 1042 1787 1090 adirent',„

257 1105 384 1133 suasque
405 1099 527 1136 ineptias
542 1101 704 1139 jactarent,
724 1102 809 1132 refert
830 1103 944 1131 Plinius
969 1103 1045 1141 Epp.
1070 1103 1117 1138 Π,
1142 1112 1186 1139 14.

295 1149 497 1180 Nihilominus
518 1152 548 1181 in
570 1158 647 1182 tanta
671 1153 867 1191 imperitorum
888 1155 973 1191 copia
996 1155 1113 1183 fuerunt
1125 1155 1317 1191 Eloquentiae
1333 1155 1480 1193 magistri,
1504 1155 1553 1192 qui
1574 1154 1777 1191 corrupto‘se·

257 1201 318 1229 culi
335 1202 387 1230 sui.
402 1202 516 1239 ingenio
541 1212 603 1232 sese
628 1204 697 1234 totis
717 1205 831 1234 viribus
853 1213 1051 1244 opponerent,
1081 1213 1264 1243 veterumque
1291 1207 1427 1237 imitanda
1447 1216 1509 1237 esse
1530 1207 1657 1244 exempla
1680 1205 1781 1243 quoti-

258 1252 303 1280 die
327 1254 490 1283 clamarent.
533 1255 651 1284 Ineunte
670 1256 779 1286 Tiberii
805 1257 925 1294 imperio
957 1259 1049 1287 adhuc
1073 1258 1172 1286 floruit
1213 1260 1350 1293 Seneca„
1365 1261 1399 1287 de
1433 1268 1492 1295 quo
1514 1261 1570 1297 jam
1595 1267 1681 1294 supra
1706 1255 1780 1285 dixi·-

258 1310 334 1331 mus.
376 1305 430 1332 Sed
450 1305 570 1334 neminis
594 1308 683 1343 major
701 1307 758 1335 fuit
785 1309 953 1344 celebritas,
977 1318 1061 1345 quam
1079 1308 1297 1347 Qw‘ncffliam’,
1328 1309 1380 1343 qui
1400 1317 1451 1343 per
1480 1310 1586 1344 viginta
1610 1316 1701 1336 annos
1725 1315 1779 1343 pu-

259 1353 333 1382 blice
348 1355 553 1390 Eloquentiam
577 1358 615 1386 ita
634 1358 749 1393 docuit,
772 1366 804 1387 ut
825 1360 850 1387 ei
871 1360 1059 1390 restituendae
1081 1360 1218 1391 inservire
1239 1367 1328 1395 posse
1352 1359 1511 1386 videretur:
1543 1358 1649 1393 quibus
1674 1357 1778 1391 elapsis

257 1404 415 1434 Domitiani
437 1412 565 1443 tempore
585 1416 614 1437 ea
644 1409 761 1445 scripsit
790 1418 894 1446 opera,
923 1419 994 1446 quae
1022 1420 1092 1440 cum
1113 1420 1128 1440 a
1151 1419 1242 1438 rerum
1274 1410 1455 1443 tractatione,
1485 1415 1547 1437 tum
1572 1409 1606 1437 ab
1628 1407 1787 1438 Orationis.

262 1455 412 1493 bonitate,
433 1459 582 1489 maximam
599 1460 704 1490 habent
728 1468 797 1498 post
821 1462 1028 1491 Ciceronianos
1049 1461 1139 1493 libros
1161 1460 1448 1493 commendationem.

942 1553 1093 1592 Epilogus.

301 1637 399 1671 Atque
422 1637 489 1666 haec
511 1640 545 1666 de
568 1640 654 1669 hacce
675 1641 797 1677 Epochzt
825 1643 942 1672 dicenda
967 1650 1063 1672 erant.-
1091 1651 1146 1679 qua
1170 1642 1271 1677 finita,
1300 1650 1366 1671 cum
1385 1649 1516 1676 omnem,
1544 1648 1628 1677 quarn
1654 1645 1775 1669 tractan-

261 1688 324 1717 dam
347 1696 583 1724 susceperamus,
604 1690 762 1721 Literarum
784 1693 949 1723 Latinarum
974 1694 1121 1723 historiam
1144 1694 1306 1723 absolvisse
1327 1693 1411 1723 nobis
1433 1694 1596 1724 videamur,
1615 1694 1670 1727 jam
1692 1689 1776 1718 [inem

263 1738 408 1774 imponere
432 1739 512 1767 lubet
529 1741 596 1769 huic
623 1742 786 1777 scriptioni.
828 1744 861 1772 In
888 1754 943 1780 qua
973 1754 1044 1779 quae
1073 1747 1145 1773 male
1173 1746 1247 1774 dicta
1267 1752 1352 1778 sunt,
1382 1751 1477 1771 corum
1500 1749 1531 1770 ut
1553 1740 1623 1769 mihi
1642 1742 1708 1768 dent
1731 1748 1779 1769 ve-

263 1790 338 1819 niam
362 1790 502 1826 Legentes
527 1791 608 1820 etiam
634 1800 720 1828 atque
748 1794 831 1824 etiam
854 1804 945 1832 τος-ο,
975 1804 1039 1824 cum
1067 1795 1100 1823 ab
1125 1795 1230 1832 ingenii
1260 1794 1313 1822 mei
1343 1793 1479 1822 tenuitate
1505 1793 1625 1821 necdum
1656 1793 1780 1821 subacto

263 1841 371 1878 judicio
395 1850 425 1870 va
453 1842 583 1878 profecta
610 1853 671 1872 esse
699 1845 798 1874 sciam.
839 1847 870 1875 Si
897 1847 965 1882 quid
988 1853 1080 1875 autem
1111 1855 1140 1875 ea
1165 1846 1286 1880 habeat,
1317 1853 1376 1881 quo
1407 1853 1469 1873 sese
1492 1843 1603 1872 idoneis
1630 1843 1779 1880 julicibns

267 1893 462 1927 commendet‚
484 1894 600 1922 debetur
623 1895 695 1924 illud
716 1897 787 1926 Viro
811 1897 982 1926 Clarissimo
1006 1906 1127 1933 meoque
1144 1897 1322 1933 Praeceptori
1345 1896 1454 1933 optimo
1478 1895 1521 1924 D.
1545 1893 1780 1930 llsfltmbacszio,

266 1943 350 1980 cuius
372 1951 424 1981 ego
449 1944 627 1975 institutioni
653 1955 720 1977 cum
747 1957 881 1985 omnem,
903 1949 928 1978 si
947 1957 1031 1986 quam
1057 1949 1192 1986 habeam,
1212 1948 1372 1981 Literni-um
1394 1947 1592 1984 cognitionem
1613 1953 1658 1974 me
1678 1944 1779 1974 debere
