1960 2500
473 265 1241 333 RESPONSIO

814 458 891 485 AD

211 606 775 664 QUAESTIONEM
841 602 1484 647 MATHEMATICAM.

595 1052 1115 1094 QUAESTIO.

95 1142 158 1214 S
158 1180 171 1207 i
193 1179 310 1217 singula
330 1186 454 1218 corpora
474 1179 584 1216 solida,
607 1179 813 1215 Tetraiidrum‚
835 1178 1016 1208 Hexa'e'drum
1039 1178 1087 1208 νεῖ
1109 1177 1232 1212 Cubus‚
1255 1176 1447 1213 Octafflrum,
1469 1176 1615 1207 Dodecaii-

92 1231 195 1267 drum,
217 1230 416 1267 Icosaiidrum
438 1231 640 1260 inscribantur
660 1232 829 1271 Sphaerae‚
853 1231 937 1266 cujus
963 1229 1066 1259 radius
1087 1229 1219 1268 aequalis
1239 1230 1277 1257 sit
1298 1230 1427 1264 unitati,
1455 1231 1616 1267 quaer-imt-

92 1280 216 1319 cubus,
242 1283 326 1320 cujus
345 1284 497 1323 capacitas
518 1289 667 1322 aequatur
688 1284 852 1323 capacitati
873 1283 993 1311 illorum
1017 1283 1144 1321 quinque
1165 1288 1317 1320 corporum
1338 1280 1427 1308 simul
1441 1287 1612 1310 sumcorum.

132 1477 253 1516 Singula
277 1487 400 1516 corpora
421 1480 552 1516 quinque
575 1480 714 1517 regularia
743 1480 883 1517 Sphaerae
905 1479 1017 1516 aequali
1047 1478 1184 1515 inscripta
1206 1485 1333 1515 possunt
1354 1479 1528 1508 considerari
1552 1485 1614 1508 tan-

92 1538 178 1566 quam
200 1531 348 1568 congeries
370 1531 571 1568 Pyramidum,
601 1540 723 1567 quarum
747 1532 867 1561 vertices
893 1538 962 1560 sunt
990 1531 1019 1560 in
1043 1531 1184 1567 Sphaerae
1207 1537 1324 1566 centro,
1354 1530 1432 1559 basis
1459 1538 1527 1559 vero
1549 1530 1612 1567 ipsa

92 1590 248 1618 corporum
273 1583 369 1619 plana.

131 1633 161 1662 Si
185 1634 258 1663 enim
281 1643 314 1662 ex
338 1635 478 1670 Sphacrae
501 1641 619 1670 centro,
650 1635 730 1670 quod
752 1643 817 1663 cum
843 1634 975 1671 corporis
1002 1640 1101 1662 centro
1123 1634 1276 1670 congruit,
1304 1633 1445 1662 ducantur
1467 1634 1556 1662 lineae
1580 1634 1614 1663 ad

90 1685 224 1721 singulos
247 1686 379 1722 corporis
404 1687 547 1723 angulos,
570 1685 733 1715 formantur
750 1686 778 1714 in
801 1686 907 1722 quovis
928 1694 1050 1722 corpore
1067 1692 1110 1714 tot
1132 1685 1312 1722 Pyramides,
1335 1685 1408 1714 inter
1423 1693 1454 1714 se
1476 1685 1605 1721 aequales

90 1743 177 1772 atque
198 1737 323 1772 similes,
346 1744 419 1773 quot
442 1744 510 1765 sunt
530 1738 613 1773 plana
635 1738 664 1766 in
691 1737 822 1773 corporis
846 1737 1014 1774 superficie:

310 1789 343 1817 In
368 1788 521 1818 Tetraedro
544 1789 705 1817 formantur
728 1795 853 1824 quatuor
876 1789 1037 1826 pyramides
1064 1788 1261 1825 triangulares.

312 1840 345 1869 ln
365 1839 505 1869 Octafidro
555 1861 693 1869 .....
724 1848 792 1869 octo
873 1859 1243 1869 ............

314 1892 347 1920 In
366 1891 515 1920 Icosa'ddro
559 1912 695 1922 .....
723 1891 827 1929 viginti
873 1910 1240 1922 ............

312 1942 346 1971 In
366 1942 452 1970 Cubo
555 1964 693 1972 .....
723 1950 850 1979 quatuor
872 1943 1034 1979 pyramides
1052 1943 1302 1978 quadrangulatos.

313 1993 345 2022 In
360 1994 542 2023 Dodecacdro
554 2015 692 2023 .....
721 1994 871 2024 duodecim
896 1995 1056 2029 pyramides
1079 1994 1293 2030 pentagonalcs.

887 2045 951 2073 ΑΞ
1568 2045 1616 2075 Ex
