1940 2474
256 155 297 192 ‚4
596 148 983 182 ABRAHAMI
1038 146 1414 182 CAPADocE

253 238 289 277 fit
307 236 457 267 secundum
480 235 554 273 leges
579 236 728 273 affinitatis
751 236 901 265 Chemicae
926 236 1103 264 substantiae
1126 236 1274 264 animalis.
1321 235 1402 274 Quae
1426 233 1462 264 de
1484 234 1649 265 animaHum
1675 235 1769 265 nutri-

256 291 336 320 tione
358 289 404 317 hie
433 288 510 317 dicta
534 293 620 324 sunt,
641 287 736 318 valent
758 296 880 324 quoquc
900 288 934 315 de
956 295 1043 324 regno
1064 287 1226 325 vegetabili.

798 371 1234 393 MEDICAMENTA.

296 443 396 482 Quum
425 450 495 472 vero
515 441 600 470 multi
623 447 683 471 non
703 441 798 469 solum
823 439 987 469 functiones
1011 449 1112 477 sanas,
1139 441 1188 469 sed
1201 447 1229 469 et
1254 440 1424 475 morbosas,
1445 448 1479 469 ex
1495 441 1603 469 mutata
1628 440 1767 469 Chemicst

261 495 394 524 affinitate
409 493 618 530 principiorum
641 491 850 527 derivaverint,
882 500 999 520 necesse
1019 498 1081 527 cst,
1111 498 1144 520 ut
1168 492 1211 520 illi
1228 492 1494 520 medicamentorum
1519 491 1660 521 actionem
1685 492 1769 522 etiam

260 546 399 577 Chemice
419 545 572 582 explicent.
611 545 727 572 Ponunt
747 543 834 580 igitur
854 543 1020 579 sequentia;

305 598 504 631 Mtstaliones,
525 605 594 634 quas
611 596 730 624 subeunt
744 594 971 630 medicamenta,
992 601 1018 622 ct
1034 595 1157 624 vicissim
1175 604 1249 633 quae
1265 594 1300 623 ab
1317 594 1353 622 ii.»-
1364 595 1395 622 t‘n
1411 601 1529 633 corpore
1540 592 1637 631 fiunt,
1660 604 1680 624 a
1701 594 1772 624 cbe-

261 649 341 679 mt'cci
360 649 499 686 affinitate
516 647 642 685 pendere
659 653 781 684 putam.

301 701 348 730 En
373 700 508 735 quaedam
537 699 679 735 exempla:
714 699 747 727 In
775 698 901 733 morbis,
930 697 979 726 ubi
1002 697 1113 725 acidum
1138 697 1292 734 primarum
1308 697 1417 726 viarum
1436 703 1604 734 generatur,
1630 696 1772 726 antas-ida

264 752 343 781 dicta
365 750 566 780 medicamenta
585 749 649 786 (uti
673 756 741 780 sunt
762 750 915 786 principue
937 749 1034 777 alcalia
1055 756 1082 777 et
1104 750 1211 786 terrae)
1234 757 1328 777 curam
1356 749 1502 778 absolvere
1523 748 1661 778 Chemica
1683 747 1774 778 affini-

264 809 322 832 tate
351 802 454 830 horum
479 810 545 830 cum
571 801 672 835 acido,
695 810 751 836 qua
772 801 821 836 fit,
847 808 878 830 ut
895 801 965 829 salia
986 800 1146 829 formentur
1170 800 1271 828 media.

304 853 490 881 Rachlliclem
529 858 660 880 constare
702 860 735 879 ex
771 851 970 887 superpondio
1005 851 1079 879 acidi
1120 852 1269 887 cujusdam
1305 851 1449 887 (videtur
1486 842 1643 880 seeundum
1681 851 1773 880 Four-

261 906 392 941 croyium
409 904 479 941 (αα)
501 903 642 932 oxalicum
665 910 748 936 esse,
769 902 925 930 secundum
948 901 1020 930 alios
1036 902 1288 938 phosphoricum)
1312 910 1371 938 quo
1396 909 1468 930 terra
1488 903 1607 931 calcaria
1627 901 1772 937 solvitur,

266 964 333 984 cum
352 964 386 984 ex
400 955 484 983 urina
506 954 731 988 rachiticorum‚
754 961 882 989 magnam
901 960 988 982 terrae
1007 953 1139 982 calcariae
1155 953 1266 989 copiam
1283 952 1394 981 solutae
1408 952 1589 988 continente,
1611 959 1673 981 tum
1689 953 1773 982 etiam

265 1015 300 1035 ex
315 1007 429 1036 medelis
449 1007 526 1035 hunc
549 1005 680 1034 morbum
702 1005 930 1039 debellantibus,
955 1004 1080 1041 probari.
1129 1005 1203 1033 Sunt
1227 1004 1301 1033 enim
1325 1004 1409 1039 talia,
1429 1012 1503 1039 quae
1522 1004 1568 1032 vel
1591 1003 1707 1032 acidum
1727 1003 1775 1032 de-

266 1058 347 1093 lent,
375 1059 420 1087 vel
440 1064 540 1086 terrac
561 1057 712 1086 calcariae
740 1057 849 1094 copiam
871 1062 989 1093 augent.
1038 1056 1085 1085 Ad
1106 1056 1200 1092 priora
1221 1055 1363 1091 pertinent
1385 1054 1491 1083 ferrum
1518 1054 1662 1089 limatum,
1683 1055 1772 1090 soda,

268 1110 430 1146 magnesia,
459 1115 621 1144 ceteraeque
648 1114 748 1136 terrac
769 1107 945 1136 absorbentes
966 1107 1075 1142 dictae,
1105 1115 1178 1143 quae
1201 1107 1296 1136 omnia
1324 1115 1390 1135 cum
1419 1106 1500 1135 acido
1524 1106 1772 1141 superabundante

267 1161 400 1190 affinitate
425 1162 490 1190 ver-,l
514 1160 653 1189 Chemica
676 1160 861 1196 junguntur,
885 1164 912 1187 et
933 1159 1001 1187 salia
1022 1158 1111 1187 media
1133 1158 1267 1187 formant.
1314 1157 1528 1187 Posterioribus
1553 1163 1774 1186 annumerantur

268 1213 376 1249 lapides
400 1219 590 1246 cancrorum,
618 1217 706 1239 testae
726 1217 867 1247 ovorum,
896 1216 971 1238 creta
998 1216 1025 1238 et
1043 1210 1164 1246 similia;
1193 1218 1265 1246 quae
1286 1216 1386 1238 terram
1409 1209 1555 1238 calcariam
1579 1208 1698 1238 ossibus
1720 1214 1777 1238 tra-

267 1264 361 1292 dendo
383 1263 584 1299 aequilibrium
608 1262 680 1290 inter
698 1262 770 1290 hanc
791 1267 819 1290 et
839 1261 951 1290 acidum
978 1261 1155 1297 restituunt,
1180 1268 1208 1291 et
1232 1261 1275 1290 sic
1297 1261 1451 1290 naturalem
1475 1260 1592 1289 ossibus
1612 1259 1774 1290 firmitatem

267 1319 297 1342 et
320 1314 409 1342 robur
427 1313 529 1342 iterum
549 1313 715 1342 conciliant.

308 1364 477 1393 Scorbntum
512 1364 596 1401 (23)
626 1371 756 1392 constare
783 1363 887 1392 dicitur
914 1363 1060 1392 Chemicis
1094 1364 1207 1393 defectu
1236 1363 1390 1400 oxygenss,
1420 1364 1502 1399 quod.
1528 1362 1687 1399 probatur,
1711 1367 1775 1389 tum

266 1423 302 1444 ex
324 1415 411 1443 variis
432 1414 695 1450 symptomatibus,
718 1421 778 1442 tum
803 1414 886 1442 etiam
905 1422 939 1442 ex
959 1415 1191 1449 medicamentis,
1214 1423 1285 1450 quae
1303 1423 1412 1449 semper
1433 1421 1562 1450 magnam
1586 1413 1674 1449 hujus
1698 1411 1776 1448 prin-

266 1466 337 1502 cipii
362 1466 550 1501 quantitatem
577 1465 691 1501 corpori
713 1465 837 1493 humano
865 1465 1042 1501 largiuntur,
1072 1465 1115 1494 uti
1138 1472 1181 1493 est
1206 1464 1318 1493 acidum
1343 1464 1494 1499 enricum,
1525 1463 1613 1492 diaeta
1634 1461 1777 1500 vegetabi-

268 1517 323 1553 lis,
343 1517 455 1553 aliaque
473 1516 617 1553 principio
640 1516 830 1552 oxygenetico
851 1516 1011 1553 gaudentia.

308 1568 496 1606 Ncphritidis
524 1568 607 1604 (24)
628 1567 711 1595 etiam
742 1567 800 1596 dari
826 1568 969 1603 speciem,
999 1568 1083 1604 eujus
1108 1576 1210 1596 caussa
1237 1567 1265 1596 in
1291 1566 1487 1604 superpondio
1512 1565 1584 1594 acidi
1615 1565 1686 1594 urici
1720 1563 1776 1593 sitn

267 1620 322 1655 εἰη
352 1620 414 1648 inde
442 1619 595 1648 convenire
619 1619 667 1646 illa
699 1619 920 1653 medicamenta,
950 1626 1022 1654 quae
1045 1627 1111 1647 cum
1138 1619 1193 1647 hoe
1217 1619 1298 1647 acido
1327 1618 1465 1647 Chemica
1490 1617 1622 1646 affinitate
1648 1617 1776 1654 jungun-

266 1678 333 1705 tur,
356 1671 399 1699 uti
420 1678 487 1698 sunt
517 1678 606 1705 aquae
629 1670 798 1705 mephiticae
826 1671 979 1705 aleaume,
1007 1670 1145 1698 cal-bonas
1167 1676 1301 1705 potassae
1323 1669 1486 1704 liquidum,
1509 1675 1565 1697 etc.

306 1722 487 1751 Arthrt'lidis
506 1730 594 1758 porro
616 1728 744 1750 naturam
766 1728 793 1750 ct
817 1728 1010 1758 symptomata
1031 1721 1150 1757 probare
1174 1720 1340 1750 Chemicam
1366 1720 1627 1763 degenerationem,
1650 1717 1695 1747 vel
1721 1724 1775 1752 po·

1716 1773 1774 1795 t1us

296 1857 355 1883 (22)
377 1857 392 1877 1.
407 1857 422 1878 Ι.
447 1857 494 1878 Art.
512 1861 546 1881 ες.
569 1856 589 1883 S.
608 1861 656 1878 111.
677 1860 724 1883 pag.
744 1860 792 1881 177.

291 1898 338 1925 (22
354 1909 355 1914 κ
372 1897 520 1925 Genteskuna'ig
532 1897 653 1925 Mag-ansa,
675 1898 738 1920 Toni.
753 1898 771 1919 1.
793 1897 816 1919 Ρ,
833 1901 855 1922 3.
879 1902 927 1924 pag.
946 1895 982 1921 67.
1012 1896 1098 1918 Nisum
1115 1896 1258 1925 Scheikundige
1277 1895 1403 1919 Bibttautmk
1418 1900 1467 1918 rm
1480 1894 1514 1915 het
1530 1895 1582 1919 5⁶¹?
1598 1897 1667 1920 ¹799,
1687 1891 1712 1913 Ρ·
1726 1890 1775 1918 Vl·

265 1945 314 1967 pag.
332 1938 380 1966 196.

293 1981 354 2008 (2⁴)
371 1979 460 2004 elariss.
476 1980 542 2007 ηε),
562 1978 632 2002 Prin.
651 1979 702 2002 Lin.
720 1979 799 2001 Paulul.
823 1981 878 2007 Cap.
897 1979 924 2002 V.
947 1986 970 2007 p.
990 1985 1011 2002 ε.
1033 1980 1078 2002 No.
1094 1984 1115 2005 s.
1139 1980 1159 2007 §-
1177 1984 1224 2006 ¹²9·
