1960 2500
489 478 1178 530 PRAEMONENDA‘:

81 938 283 1003 Antequam
299 966 387 1003 hujus
409 965 585 1002 quaestionis
603 965 797 1000 solutionem,
818 964 866 994 vel
887 963 978 1000 ipsam
995 962 1156 999 plantarum
1181 958 1419 989 enumerationem
1436 958 1602 997 aggrediar-2·

78 1019 215 1055 quaedam
233 1025 416 1054 praemonere
435 1017 529 1046 liceat.

117 1069 292 1106 Catalogum
308 1069 448 1098 Facultati
468 1069 674 1098 Nobilissimae
691 1068 867 1098 offerendum
887 1065 958 1097 duxi
982 1065 1215 1102 systematicum‚
1241 1063 1320 1094 illius
1342 1062 1447 1093 summi
1470 1059 1599 1091 Linnaei

78 1120 221 1160 praecepti
237 1129 362 1156 memor,
387 1129 446 1157 quo
468 1121 599 1156 mandat,
626 1120 843 1157 „Floristarum
865 1117 1040 1149 enumeratio
1060 1117 1100 1146 sit
1120 1115 1318 1154 systematica‚
1339 1121 1372 1144 ut
1396 1114 1479 1142 etiam
1501 1112 1601 1147 absen·

79 1191 100 1208 „
122 1178 164 1200 tes
186 1172 384 1209 intelligantur
403 1172 442 1210 (1
456 1172 504 1211 )”.
548 1173 638 1202 Porro
659 1173 765 1202 dubius
786 1180 846 1201 non
866 1170 964 1205 haesi,
984 1169 1128 1205 quodnam
1146 1168 1276 1205 eligerem
1298 1172 1441 1203 systema,
1463 1172 1478 1192 e
1498 1169 1600 1199 magna.

79 1221 182 1252 horum
203 1223 304 1260 copia,
327 1232 400 1261 quae
414 1224 479 1253 inde
500 1232 516 1252 a
534 1223 700 1262 Caesalpim·
721 1223 900 1260 temporibus
918 1220 1103 1259 prodierunt,
1126 1226 1153 1249 et
1169 1227 1242 1256 quae
1261 1224 1330 1247 sunt
1346 1216 1465 1246 totidem
1482 1213 1540 1241 fere
1558 1212 1600 1242 in-

78 1274 155 1313 genii
177 1274 295 1304 humani
316 1274 477 1304 acutissimi
499 1274 604 1304 indicia
618 1281 705 1311 atque
721 1275 861 1311 exempla.
907 1273 1107 1302 Linnaeiinum
1131 1269 1267 1299 omnibus
1289 1268 1424 1296 nimirum
1445 1263 1601 1301 praeferre,

81 1322 215 1353 admissis
239 1325 389 1352 nonnullis
413 1325 635 1359 Neotericorum
660 1324 943 1360 modificationibus,
970 1323 1047 1352 haud
1067 1323 1259 1357 incongruum
1283 1317 1374 1353 duxi,
1403 1315 1536 1352 quamViS
1553 1314 1604 1344 affl

78 1372 179 1403 forsan
197 1373 312 1402 mallent
336 1373 439 1410 eligere
468 1373 598 1410 Systema
624 1374 781 1410 Naturale,
808 1375 843 1403 de
869 1382 929 1410 quo
958 1380 1053 1402 autem
1078 1378 1106 1400 et
1133 1370 1218 1399 hodie
1244 1370 1273 1398 id
1301 1367 1487 1405 pronunciari
1513 1374 1602 1407 posse

79 1431 218 1460 autumo,
240 1425 320 1461 quod
340 1433 472 1454 summus
492 1425 643 1455 Linnaeus
662 1426 791 1455 dicebat:
817 1447 835 1462 ‚‚
854 1425 995 1455 Defectus
1021 1424 1149 1453 nondum
1169 1423 1348 1450 detectorum
1370 1419 1400 1448 in
1422 1427 1507 1448 causa
1525 1417 1599 1452 fuit,

84 1497 102 1512 ‚‚
124 1476 205 1512 quod
224 1475 384 1505 Methodus
408 1476 557 1506 Naturalis
577 1477 706 1512 deficiat,
733 1486 819 1513 quam
842 1476 970 1514 plurium
994 1474 1124 1512 cognitio
1144 1473 1271 1511 perficiet
1292 1471 1403 1508 (2)’'.
1425 1486 1464 1493 —
1489 1469 1598 1496 Recen-

82 1527 149 1556 tiori
173 1533 301 1563 tempore
322 1527 457 1556 eximium
485 1528 562 1565 cepit
579 1528 735 1557 consilium
757 1528 787 1556 in
807 1528 859 1557 hac
879 1527 1031 1558 Botanices
1061 1532 1140 1562 parte
1163 1524 1334 1554 emendanda
1356 1522 1401 1550 Ill.
1427 1518 1597 1548 Bernardas

79 1577 202 1615 Jussleu
223 1578 294 1615 (3).
341 1579 476 1608 Attamen
502 1580 608 1615 duplex
631 1578 688 1607 fere
711 1586 756 1608 est
779 1579 852 1608 ratio
866 1600 876 1616 ,
905 1579 942 1608 ob
966 1586 1052 1614 quam
1077 1577 1237 1612 Systemate
1256 1572 1412 1605 Naturali,
1439 1569 1494 1598 etSi
1513 1571 1598 1606 Plane

83 1628 248 1657 absolutum
268 1636 295 1657 et
318 1629 476 1665 perfectum
503 1629 594 1665 foret,
625 1630 667 1658 uti
689 1638 747 1658 non
768 1630 948 1666 potuissem:
980 1628 1074 1664 primo
1096 1625 1170 1653 enim
1193 1624 1259 1652 loco
1284 1622 1346 1651 sola
1374 1620 1518 1650 Generum
1541 1621 1598 1649 affi-

81 1679 157 1708 nitas
182 1679 319 1708 naturalis
342 1681 455 1715 plenius
476 1681 620 1708 elaborata
639 1679 717 1715 fuit,
746 1682 813 1709 dum
836 1681 864 1708 in
883 1680 938 1708 hoc
963 1678 1105 1713 Catalogo
1130 1674 1299 1712 praeprimis
1318 1674 1352 1702 de
1370 1673 1520 1709 speciebus
1541 1673 1600 1700 sol-

81 1729 180 1759 licitus
201 1729 260 1758 fui:
288 1730 377 1759 altero
398 1731 466 1760 loco
486 1731 615 1767 accedit,
645 1732 725 1767 quod
749 1731 780 1760 in
803 1730 1016 1761 enumeratione
1044 1726 1248 1764 vegetabilium
1271 1733 1375 1763 parvae
1395 1723 1536 1762 Regionis
1554 1728 1600 1752 tot

1551 1774 1601 1803 ha-

85 1869 90 1874 ¹
115 1867 164 1894 (Ι)
179 1868 230 1890 Vid.
249 1869 392 1898 Philosophia
410 1871 533 1899 nomnica,
549 1872 604 1896 edit.
625 1872 751 1896 museum.
772 1873 793 1902 §.
806 1873 838 1895 16.
859 1871 971 1898 (Berola‘m‘
989 1869 1075 1895 ¹79⁰st

116 1910 162 1937 (α.)
177 1910 227 1932 VM,
248 1911 274 1933 L.
292 1912 309 1933 Ι.
331 1913 351 1940 5.
363 1913 392 1934 80
410 1919 433 1934 et
450 1917 502 1939 ιον.

119 1951 165 1978 ἷζθ)
179 1951 215 1975 ef.
235 1953 304 1974 eunii
322 1954 430 1982 spru-gd,
446 1954 545 1977 Historia
565 1955 608 1978 Rei
629 1955 757 1977 Hei-bariae.
781 1953 909 1979 (Amnem.
925 1951 1006 1979 1807.)
1027 1952 1092 1973 Tom-
1107 1950 1135 1971 11.
1157 1953 1207 1976 pag.
1224 1949 1271 1975 383·
1287 1953 1351 1975 ”qb

902 1995 968 2023 Aa
