1940 2474
427 153 955 186 COMMENTATIO
1020 153 1345 188 CHEMICA':
1589 154 1639 201 37,

125 249 179 279 nt,
209 242 339 279 quamvls
364 241 505 271 affinitatis
526 242 571 271 vis
590 241 706 270 minime
723 240 842 277 pendeat
863 249 879 269 a
903 241 1040 278 gravitate
1062 241 1196 277 specifica
1225 249 1381 278 corporum
1404 242 1635 280 jungendorum,

124 301 175 324 aut
195 295 255 331 ejus
277 294 412 322 rationem
434 299 585 328 sequatur,
615 299 708 321 tamen
734 292 780 321 vis
803 292 949 329 gravitatis
978 292 1090 328 aliquas
1115 293 1215 322 habeat
1241 301 1335 330 partes
1364 294 1394 322 in
1421 282 1636 330 phoenomeno-

125 354 188 375 runi
209 345 394 374 finiendorum
415 344 618 374 moderatione.
665 344 750 379 Aqua
773 345 842 373 salia
870 344 958 373 solvit
990 344 1124 373 affinitate
1145 345 1298 381 Chemica‚
1328 351 1450 374 attamen
1480 345 1634 381 solutioni-9

124 397 180 425 bus
215 397 430 432 quiescentibus
461 404 495 425 ex
519 396 653 433 gravitate
672 395 806 431 specifica
835 396 958 432 salium,
987 395 1078 432 magis
1107 401 1246 425 saturatae
1277 397 1311 424 ad
1338 403 1447 433 partem
1471 396 1636 431 inferiorem

122 447 284 477 solutiones
304 456 390 483 quam
413 448 447 476 ad
470 447 659 483 superiorem
685 447 789 482 quodsi
812 456 878 476 vero
906 455 962 476 una
990 453 1083 484 ageret
1107 447 1152 475 vis
1174 448 1343 484 gravitatis,
1368 456 1429 477 non
1451 447 1546 484 aliqua
1567 453 1632 484 pars

120 499 157 528 ad
174 499 297 531 fundum
319 500 446 533 caderet,
473 507 571 528 verum
589 505 649 527 tota
667 507 774 534 massa,
798 500 872 527 idem
896 499 926 527 in
946 499 1006 527 aete
1024 499 1203 528 observatur.

154 548 312 586 Propertio
339 550 486 587 gravitatis
517 549 666 587 specificae
700 550 910 586 principiorum
944 550 1127 586 singulorum
1154 550 1224 578 aeris
1261 549 1493 586 Atmosphaerici
1516 555 1561 578 est
1587 555 1633 580 se-

118 609 230 638 quens:
252 601 364 631 scilicet
385 601 574 630 densitatibus
599 601 711 630 horum‘
725 601 877 630 fluidorum
902 601 1083 630 elastieoruni
1105 607 1171 628 euin
1193 601 1333 630 densitate
1351 609 1441 636 aquae
1457 600 1586 635 collatis:

339 653 441 688 Aquae
459 652 602 682 destillata
643 673 958 682 .......
1003 660 1183 685 10000,0000

340 704 403 733 Gaz
425 704 611 740 oxy-genium·
640 723 957 733 .......
1059 711 1181 739 12‚3929

340 769 397 778 —-
414 761 533 783 'azotum
585 774 954 783 ........
1056 756 1180 789 11,9o48

339 820 397 827 -—
418 805 530 834 acidum
555 805 740 834 carbonicum
793 826 802 834 .
845 827 853 834 .
896 826 904 834 .
948 826 954 833 .
1059 806 1181 841 18‚6161

153 856 209 885 Vel
232 856 256 885 si
279 865 345 885 cum
376 857 516 885 densitate
541 857 612 885 aeris
641 857 826 886 conferantur
858 857 1012 886 densitates
1033 857 1137 885 horum
1162 865 1213 893 gaz
1237 857 1308 893 erit,
1336 857 1494 887 secundum
1517 856 1585 887 Biot
1604 862 1635 890 et·

116 908 238 946 Arago,
260 909 285 937 si
307 909 351 936 aer
372 908 528 944 Atinosph.
552 914 596 936 est
649 931 656 938 .
699 921 707 936 a
751 928 1017 938 ......
1062 917 1185 943 1,οΘ000

335 959 399 987 Gaz
421 959 595 996 oxygenium
646 979 1013 990 ........
1058 966 1182 995 1,10359

335 1025 393 1033 —-
412 1017 530 1039 azotum
590 1031 1010 1040 .........
1052 1011 1181 1046 0,96913

335 1077 394 1085 —
413 1062 485 1090 aeid.
509 1063 586 1090 carb.
642 1081 1009 1091 ........
1028 1074 1030 1076 ’
1075 1063 1180 1098 1,5196

333 1112 433 1148 Vapor
454 1121 543 1149 aquae
590 1133 599 1141 .
641 1133 649 1141 .
694 1133 701 1140 .
742 1129 756 1142 s
795 1133 1009 1142 .....
1090 1113 1180 1149 0,624

112 1163 290 1203 (Thenard,
312 1164 410 1192 Trait.
434 1165 468 1193 de
494 1165 607 1200 Chim,
631 1164 718 1193 Toni.
738 1165 762 1194 I.
792 1173 822 1201 p.
841 1166 932 1203 182.)

154 1217 232 1246 Cum
258 1216 355 1251 itaque
386 1223 437 1251 gaz
460 1222 577 1244 azotum
605 1224 732 1244 ommum
758 1219 796 1245 sit
818 1217 996 1245 levissmum
1013 1237 1023 1251 ,
1053 1224 1168 1253 gravius
1194 1224 1246 1252 gaz
1275 1217 1467 1253 oxygenium,
1495 1217 1632 1253 gravissiq

109 1277 188 1298 mum
212 1276 264 1304 gaz
287 1266 399 1294 acidum
425 1266 628 1301 cai-bonicum,
652 1267 842 1303 intelligitur,
869 1268 968 1303 quod,
995 1268 1019 1297 si
1041 1276 1093 1304 gaz
1113 1267 1286 1303 oxygenium
1309 1268 1434 1297 deleatur
1458 1276 1488 1297 1n
1517 1277 1548 1297 ea
1574 1270 1629 1298 At—

113 1319 298 1356 mosphaerae
326 1317 462 1353 regione,
490 1326 563 1352 quae
587 1324 674 1346 terrae
699 1318 793 1346 vicina
822 1325 866 1347 est
882 1339 892 1354 ,
919 1319 948 1347 in
973 1327 1030 1354 qua
1054 1318 1195 1354 respirant
1225 1318 1374 1354 animalia,
1410 1318 1456 1347 vis
1483 1319 1630 1348 attractrix

111 1371 199 1408 huJ'us
218 1369 288 1399 aeris
308 1369 342 1397 ad
360 1376 411 1404 gaz
435 1369 608 1405 oxygenium
631 1377 802 1406 magnopere
824 1376 976 1406 augeatur,
1006 1378 1056 1405 per
1081 1370 1215 1406 majorem
1242 1369 1319 1397 illam
1348 1370 1513 1406 gravitatem
1532 1370 1625 1406 speci-

110 1421 192 1452 ficam
215 1429 267 1458 gaz
291 1419 443 1456 oxygenii,
466 1428 523 1454 qua
546 1421 643 1448 eodem
666 1427 793 1456 tempore
819 1421 854 1448 ad
881 1422 1050 1449 descensum
1082 1420 1276 1449 mechanicum
1307 1429 1342 1449 ex
1370 1421 1486 1457 regione
1507 1421 1627 1450 Atmos-

111 1473 230 1510 phaerae
248 1470 390 1507 superiori
409 1470 540 1506 cogitur,
564 1479 678 1506 quaque
693 1480 744 1509 per
758 1472 817 1499 vim
836 1472 1024 1499 attracti-icem
1044 1471 1235 1507 sollicitatur,
1256 1478 1289 1500 ut
1304 1480 1369 1500 cum
1386 1480 1416 1500 ea
1431 1472 1625 1509 Atmosphae-

108 1533 155 1553 rae
175 1530 271 1560 parte,
293 1530 365 1558 quae
382 1521 478 1549 amisit
492 1521 684 1558 oxygonium,
711 1522 877 1551 Cheinicam
901 1523 1036 1558 copulam
1059 1522 1144 1551 ineat.
1186 1523 1226 1551 Et
1242 1529 1341 1552 contra
1365 1523 1447 1559 copia
1469 1523 1543 1552 acidi
1564 1532 1642 1553 εει-π

107 1575 208 1606 bonici
229 1573 317 1604 nimia
338 1582 371 1602 ex
391 1573 601 1609 Atmosphaera
617 1573 792 1609 effunditur,
813 1574 858 1603 vis
874 1581 988 1609 autem,
1011 1583 1067 1609 qua
1090 1574 1145 1602 hoc
1167 1574 1279 1603 acidum
1302 1574 1485 1603 carbouicum
1503 1576 1537 1604 de
1555 1575 1622 1605 sinu

106 1628 334 1664 Atmosphaerae
357 1624 524 1661 expellitur,
547 1625 658 1662 egregie
680 1632 799 1662 augetur
823 1626 1016 1662 propensione
1042 1625 1128 1661 hujus
1155 1625 1286 1661 corporis
1310 1634 1326 1653 a
1353 1626 1491 1662 gravitate
1513 1626 1622 1663 insigni

109 1680 259 1716 pendente.
305 1677 466 1706 Probarunt
488 1678 543 1706 hoc
567 1677 778 1713 experimenta,
800 1684 815 1706 a
840 1678 889 1706 Cl.
921 1678 1112 1715 Bragmansio
1138 1678 1247 1712 relata,
1275 1685 1347 1713 quae
1375 1678 1410 1706 ad
1437 1678 1620 1709 altitudinem

109 1731 231 1760 duorum
253 1730 374 1766 pedum,
398 1729 426 1758 in
449 1731 508 1758 aere
530 1729 658 1757 cubiculi
688 1735 748 1757 tota
768 1735 852 1758 nocte
873 1729 985 1764 clausi,
1017 1735 1045 1758 et
1074 1729 1276 1765 compluribus
1301 1728 1468 1758 hominibus
1498 1729 1619 1765 repleti,

109 1782 296 1819 quantitatem
319 1781 406 1818 hujus
429 1781 500 1810 acidi
522 1789 681 1810 accrescere
706 1782 900 1810 demonstrant
919 1781 954 1809 ad
979 1780 1030 1817 323,
1058 1783 1108 1815 &oq
1131 1784 1163 1815 ,⁷13
1187 1781 1261 1818 (9).
1306 1780 1425 1809 Rccedit
1446 1781 1483 1811 ita
1501 1781 1535 1810 ad
1556 1781 1621 1814 loca

109 1833 248 1869 declivia,
270 1832 322 1861 ubi
339 1841 412 1868 aqua
431 1833 511 1861 avide
535 1833 606 1861 hanc
630 1832 742 1861 nimiam
763 1832 835 1861 acidi
856 1825 968 1868 copiam
990 1833 1140 1867 absorbet,
1163 1833 1196 1861 ad
1216 1832 1402 1868 vegetabilia,
1425 1841 1497 1868 quae
1515 1838 1621 1869 aquam

108 1885 164 1913 hoc
190 1884 271 1912 acido
296 1884 423 1919 plenam,
448 1890 479 1912 ut
499 1884 572 1912 vitae
594 1884 729 1920 pabulum
750 1884 955 1919 utilissimum,
972 1891 1127 1921 appetunt,
1150 1884 1177 1912 in
1203 1893 1287 1912 usum
1312 1884 1365 1913 sibi
1387 1891 1572 1914 convertunt.

149 1935 251 1970 Neque
271 1935 327 1963 alio
356 1936 442 1964 modo
472 1935 622 1972 expellitur
649 1944 746 1972 aqua:
779 1936 887 1965 seilicet
915 1942 1049 1972 constat,
1076 1937 1108 1964 ad
1137 1935 1284 1965 minimum
1310 1937 1380 1966 duas
1402 1935 1498 1964 tertias
1521 1941 1617 1972 partes

1568 1987 1618 2015 tel-

138 2051 191 2082 (9)
205 2053 256 2077 Vid.
273 2055 289 2075 1.
305 2055 320 2076 1.
335 2059 383 2082 pax.
398 2057 432 2080 33.
450 2054 468 2082 ς.
484 2059 509 2080 3⁵
526 2059 548 2077 et
563 2057 598 2080 36·
