1960 2500
372 115 434 165 ,50
682 112 903 153 SERIES
953 109 1549 151 DISSERTAT‘IONUNL

439 214 553 248 181&

390 274 393 276 ’
444 267 468 298 6
488 265 679 298 Decembris.
703 280 706 281 ⁷
723 265 913 297 Dissertatio
935 264 976 296 de
989 265 1198 309 Haemoptysi
1209 290 1218 305 ‚
1246 265 1373 297 defensa
1393 275 1410 296 a
1434 265 1507 296 Fer
1517 263 1617 296 dina
1627 275 1649 295 n
1659 262 1709 295 do
1731 263 1857 295 Maxi-

609 318 726 350 milia
736 330 758 349 n
768 330 787 349 o
809 319 854 350 de
876 321 927 351 Gr
937 331 982 352 av
990 332 1008 352 e
1017 343 1028 359 ‚
1052 332 1091 351 ex
1112 320 1282 363 Cruybeke
1307 320 1348 351 ad
1370 317 1536 349 Schaldam
1549 341 1560 359 ,
1595 328 1655 361 pro
1678 318 1856 349 Doctoratu

610 373 800 404 Medicinae.

446 434 468 468 7
490 425 682 457 Decembris.
727 427 906 456 Dissertatio
932 424 973 456 de
1006 425 1175 468 Asphyxc'a
1202 428 1420 458 Neonatorum
1439 446 1447 461 ‚
1483 422 1612 455 defensa
1642 434 1659 454 a
1690 424 1707 453 J
1715 422 1798 453 ulia
1806 433 1829 452 n
1837 432 1857 452 o

609 478 650 510 Fl
662 489 703 509 or
713 490 730 509 e
740 490 761 509 n
772 479 832 510 tio
855 480 882 509 D
891 490 907 509 e
918 478 928 509 1
938 490 955 509 a
965 485 975 510 t
987 485 1024 510 te
1033 502 1041 518 ,
1064 490 1103 510 ex
1128 478 1196 511 Ath
1222 479 1256 508 in
1287 478 1474 516 Hannouia,
1508 488 1568 520 pro
1589 479 1763 508 Doctoratu
1788 475 1859 507 Me-

611 530 745 564 dicinae.

448 592 470 626 9
491 582 681 617 Decembris.
727 586 900 615 Positiones
931 583 1079 615 Medione
1096 607 1106 622 ,
1153 581 1296 614 defensae
1329 594 1346 614 a
1378 585 1424 614 Fr
1433 594 1451 614 a
1460 595 1481 614 n
1489 594 1507 614 c
1516 583 1548 614 is
1558 593 1602 614 co
1643 581 1673 611 L
1681 591 1697 612 e
1707 591 1726 611 0
1736 590 1758 622 p
1766 577 1861 609 oldo

613 638 642 667 N
650 648 667 667 e
676 649 697 679 y
706 648 735 674 s,
759 639 847 668 Mosa
857 653 871 661 -
880 639 1068 679 Trajectensi
1078 661 1086 675 ‚
1110 648 1168 680 pro
1185 638 1358 666 Doctoratu
1377 636 1565 667 Medicinae.

428 689 468 726 1-4
488 689 678 720 Decembris.
724 691 983 726 Dissertatio
1018 691 1065 721 de
1103 688 1282 720 Servilis
1312 688 1574 719 conditionis
1605 684 1862 718 Hominibus

613 744 747 779 Artes,
773 743 954 774 Litteras
982 750 1021 774 et
1046 742 1252 774 Scientias
1281 743 1429 772 Romae
1452 739 1713 777 colentibus,
1736 736 1864 769 defensa

618 795 652 826 in
694 795 929 826 Auditorio
966 797 999 827 M
1010 795 1119 837 ajori
1159 806 1177 826 a
1214 797 1296 825 Dan
1309 795 1388 826 iele
1429 795 1651 825 Francisco
1691 794 1864 829 Gevers,

613 847 890 884 Roterodamensi,
911 860 970 891 pro
990 850 1161 879 Doctoratu
1177 849 1192 877 J
1196 858 1261 878 urm
1275 849 1410 878 Romani
1430 854 1461 878 et
1476 847 1637 878 Hodierni.

428 910 469 931 20
492 899 683 932 Decembris.
726 903 898 931 Posztt'ones
929 901 1074 931 lledzcae
1084 923 1094 937 ,
1128 899 1272 930 defensae
1303 911 1320 930 a
1350 903 1370 930 S
1378 911 1393 930 a
1405 909 1436 930 m
1449 911 1470 930 u
1479 900 1542 930 ele
1571 902 1593 929 F
1603 910 1641 929 ra
1652 910 1673 929 n
1683 909 1701 928 c
1710 898 1742 929 is
1752 907 1796 928 co
1818 895 1865 928 de

613 954 652 983 M
662 964 681 983 o
690 964 706 983 r
714 965 731 983 a
740 964 757 983 a
767 965 781 983 s
805 954 859 983 lm
869 964 885 983 a
896 965 916 983 n
925 965 959 990 s,
985 953 1079 983 Goud
1083 963 1162 989 ·ι,ῑιιο
1186 963 1246 994 pro
1268 954 1440 983 Doctoratu
1458 951 1648 982 Medicinae.

427 1014 469 1045 23
492 1004 682 1035 Decembris.
728 1005 916 1037 Dissertatio
943 1004 983 1035 de
1007 1006 1200 1034 Ovart'orum
1222 1014 1286 1033 mo}
1294 1004 1354 1040 bac,
1387 1003 1516 1034 defensa
1541 1003 1580 1033 ab
1605 1005 1632 1032 H
1641 1014 1659 1033 e
1667 1014 1689 1032 n
1698 1003 1732 1032 ri
1742 1013 1759 1032 c
1767 1013 1787 1032 o
1809 1004 1826 1031 J
1834 1012 1868 1037 aq

613 1067 665 1088 no
688 1059 863 1100 Logger,
886 1059 912 1087 Ι
913 1057 1065 1099 ugduno
1078 1058 1214 1091 Batavo,
1238 1066 1297 1098 pro
1319 1057 1495 1086 Doctoratu
1524 1055 1717 1086 Medicinae.

428 1120 468 1153 27
491 1109 680 1142 Decembris.
725 1111 910 1141 Dissertatio
938 1109 986 1140 ad
1007 1110 1036 1141 T
1033 1109 1143 1140 nulum
1169 1109 1388 1151 Digestorum,
1414 1111 1470 1151 qui
1503 1115 1547 1139 est
1568 1108 1610 1139 de
1633 1108 1841 1139 Aleatoribus
1852 1129 1864 1147 ‚

618 1162 745 1194 defensa
763 1173 780 1192 a
807 1165 821 1192 J
833 1174 852 1193 ο
864 1162 885 1192 h
895 1173 941 1194 an
951 1173 971 1193 n
981 1174 998 1193 e
1020 1165 1037 1192 J
1047 1172 1117 1192 aco
1129 1161 1178 1191 bo
1204 1162 1246 1191 Li
1257 1161 1327 1197 nd,
1351 1172 1369 1192 e
1391 1161 1614 1192 Promontorio
1638 1161 1746 1193 Bonae
1769 1163 1864 1205 Spei,

610 1227 670 1259 pro
684 1219 857 1248 Doctoratu
874 1218 889 1247 J
893 1216 958 1247 uris
977 1214 1113 1246 Romani
1129 1221 1160 1245 et
1181 1213 1344 1245 Hodierni.

463 1274 480 1299 ι
494 1267 513 1299 8
525 1277 538 1300 1
550 1277 581 1310 7.

451 1331 473 1365 9
494 1322 645 1355 sanum-ii.
690 1321 883 1356 Dissertatio'
906 1321 947 1352 de
979 1332 1036 1352 usu
1070 1326 1102 1350 et
1129 1321 1230 1352 abusu
1257 1323 1368 1351 Venae
1398 1320 1548 1350 Section&-
1560 1343 1569 1357 ‚
1607 1318 1734 1352 defensa
1766 1331 1785 1352 a
1812 1323 1864 1353 Joe

617 1377 662 1408 ha
673 1389 749 1408 nne
772 1375 979 1408 Goverard
990 1386 1010 1406 o
1032 1377 1059 1406 R
1070 1373 1311 1416 oosenburg
1330 1396 1338 1411 ,
1369 1372 1651 1411 Gorinchemensi‚
1676 1384 1734 1416 pro
1752 1375 1866 1405 Doctm

615 1437 685 1461 ratu
709 1430 897 1461 Medicinae.
1310 1426 1313 1428 ’

435 1490 475 1513 20
498 1483 648 1514 Januarii.
694 1482 805 1513 leeses
817 1479 997 1516 Jmidlcae,
1021 1478 1166 1510 defensae
1181 1489 1198 1509 a
1215 1481 1230 1509 J
1239 1490 1258 1509 ο
1268 1478 1290 1508 h
1299 1489 1400 1509 anne
1423 1479 1451 1509 A
1462 1489 1506 1508 rn
1516 1488 1535 1508 o
1547 1477 1557 1507 1
1567 1476 1587 1507 (1
1598 1488 1618 1508 o
1642 1479 1670 1507 R
1680 1488 1730 1509 ou
1741 1489 1793 1510 we
1803 1490 1867 1520 ns,

614 1535 775 1566 Dordraco
789 1551 799 1558 υ
811 1536 926 1564 Batavo
937 1556 945 1570 ‚
968 1543 1027 1574 pro
1044 1534 1216 1562 Doctoratu
1234 1532 1317 1562 Juris
1334 1530 1471 1561 Romani
1490 1536 1521 1559 et
1543 1529 1706 1563 Hodierni.

454 1596 472 1626 7
496 1587 666 1621 Februarii.
709 1587 896 1619 Dissertatio
917 1585 957 1615 de
972 1586 1159 1616 Sem-aionis
1174 1583 1367 1616 ‹tl-normalis
1384 1583 1486 1614 causis
1504 1588 1536 1613 ec
1556 1580 1716 1623 effeccc'bm
1727 1608 1735 1622 ‚
1757 1585 1864 1618 defen.

613 1652 646 1671 sa
669 1649 687 1670 a
706 1640 954 1670 Christiano
980 1637 1203 1670 Frederico
1227 1638 1405 1670 Ilenrico
1433 1635 1697 1680 Degeuhard,
1729 1638 1863 1670 Neoma-

613 1703 654 1736 go
662 1715 671 1732 ‚
694 1703 754 1736 pro
776 1694 948 1724 Doctoratu
967 1691 1158 1724 Medicinae.

1060 1829 1199 1842 —

1061 1849 1197 1858 υ-ν--ι

1691 1995 1858 2026 JOANNIS
