<?xml version="1.0" encoding="UTF-8"?>
<!DOCTYPE html PUBLIC "-//W3C//DTD XHTML 1.0 Transitional//EN"
    "http://www.w3.org/TR/xhtml1/DTD/xhtml1-transitional.dtd">
<html xmlns="http://www.w3.org/1999/xhtml" xml:lang="en" lang="en">
 <head>
  <title>
</title>
<meta http-equiv="Content-Type" content="text/html;charset=utf-8" />
  <meta name='ocr-system' content='tesseract 3.04.00' />
  <meta name='ocr-capabilities' content='ocr_page ocr_carea ocr_par ocr_line ocrx_word'/>
</head>
<body>
  <div class='ocr_page' id='page_1' title='image "annalesacademiae16rijk_0174.png"; bbox 0 0 1960 2500; ppageno 0'>
   <div class='ocr_carea' id='block_1_1' title="bbox 331 132 1603 195">
    <p class='ocr_par' dir='ltr' id='par_1_1' title="bbox 331 132 1603 195">
     <span class='ocr_line' id='line_1_1' title="bbox 331 132 1603 195; baseline -0.004 -6"><span class='ocrx_word' id='word_1_1' title='bbox 331 157 374 190; x_wconf 76' lang='lat'>30</span> <span class='ocrx_word' id='word_1_2' title='bbox 563 158 600 195; x_wconf 79' lang='lat' dir='ltr'>A.-</span> <span class='ocrx_word' id='word_1_3' title='bbox 664 157 700 189; x_wconf 86' lang='lat' dir='ltr'>L.</span> <span class='ocrx_word' id='word_1_4' title='bbox 765 162 877 188; x_wconf 52' lang='lat' dir='ltr'>vlu</span> <span class='ocrx_word' id='word_1_5' title='bbox 943 161 1050 185; x_wconf 63' lang='lat' dir='ltr'>nnn</span> <span class='ocrx_word' id='word_1_6' title='bbox 1116 132 1294 185; x_wconf 69' lang='lat' dir='ltr'>Boon</span> <span class='ocrx_word' id='word_1_7' title='bbox 1360 151 1603 192; x_wconf 65' lang='lat' dir='ltr'>Mesoa,</span> 
     </span>
    </p>
   </div>
   <div class='ocr_carea' id='block_1_2' title="bbox 326 238 1847 536">
    <p class='ocr_par' dir='ltr' id='par_1_2' title="bbox 326 238 1847 536">
     <span class='ocr_line' id='line_1_2' title="bbox 326 238 1846 280; baseline -0.001 -8"><span class='ocrx_word' id='word_1_8' title='bbox 326 243 398 272; x_wconf 79' lang='lat' dir='ltr'>bene</span> <span class='ocrx_word' id='word_1_9' title='bbox 419 242 569 279; x_wconf 58' lang='lat' dir='ltr'>convenit,</span> <span class='ocrx_word' id='word_1_10' title='bbox 600 251 658 271; x_wconf 88' lang='lat' dir='ltr'>non</span> <span class='ocrx_word' id='word_1_11' title='bbox 681 241 761 278; x_wconf 89' lang='lat' dir='ltr'>quod</span> <span class='ocrx_word' id='word_1_12' title='bbox 784 241 857 270; x_wconf 87' lang='lat' dir='ltr'>inter</span> <span class='ocrx_word' id='word_1_13' title='bbox 875 241 978 280; x_wconf 73' lang='lat' dir='ltr'>poima</span> <span class='ocrx_word' id='word_1_14' title='bbox 1002 238 1166 270; x_wconf 80' lang='lat' dir='ltr'><em>Sacerdotis</em></span> <span class='ocrx_word' id='word_1_15' title='bbox 1186 240 1314 268; x_wconf 78' lang='lat' dir='ltr'><em>Hebraei</em></span> <span class='ocrx_word' id='word_1_16' title='bbox 1334 245 1361 268; x_wconf 90' lang='lat' dir='ltr'>et</span> <span class='ocrx_word' id='word_1_17' title='bbox 1381 239 1538 268; x_wconf 61' lang='lat' dir='ltr'>Poetarum</span> <span class='ocrx_word' id='word_1_18' title='bbox 1564 239 1745 268; x_wconf 69' lang='lat' dir='ltr'>Graecorum</span> <span class='ocrx_word' id='word_1_19' title='bbox 1766 240 1846 278; x_wconf 82' lang='lat' dir='ltr'>hym.</span> 
     </span>
     <span class='ocr_line' id='line_1_3' title="bbox 332 290 1840 331; baseline -0.001 -8"><span class='ocrx_word' id='word_1_20' title='bbox 332 304 401 330; x_wconf 81' lang='lat' dir='ltr'>nos,</span> <span class='ocrx_word' id='word_1_21' title='bbox 423 293 484 323; x_wconf 88' lang='lat' dir='ltr'>sive</span> <span class='ocrx_word' id='word_1_22' title='bbox 506 294 696 330; x_wconf 74' lang='lat' dir='ltr'><em>Callimachi,</em></span> <span class='ocrx_word' id='word_1_23' title='bbox 723 294 783 323; x_wconf 86' lang='lat' dir='ltr'>sive</span> <span class='ocrx_word' id='word_1_24' title='bbox 799 303 868 330; x_wconf 86' lang='lat' dir='ltr'>eos,</span> <span class='ocrx_word' id='word_1_25' title='bbox 893 294 944 331; x_wconf 92' lang='lat' dir='ltr'>qui</span> <span class='ocrx_word' id='word_1_26' title='bbox 965 294 1087 323; x_wconf 80' lang='lat' dir='ltr'>Homero</span> <span class='ocrx_word' id='word_1_27' title='bbox 1109 291 1331 327; x_wconf 85' lang='lat' dir='ltr'>adscribuntur,</span> <span class='ocrx_word' id='word_1_28' title='bbox 1361 291 1458 327; x_wconf 82' lang='lat' dir='ltr'>quoad</span> <span class='ocrx_word' id='word_1_29' title='bbox 1482 290 1602 320; x_wconf 86' lang='lat' dir='ltr'>formam</span> <span class='ocrx_word' id='word_1_30' title='bbox 1626 297 1653 320; x_wconf 87' lang='lat' dir='ltr'>et</span> <span class='ocrx_word' id='word_1_31' title='bbox 1678 296 1840 328; x_wconf 66' lang='grc' dir='ltr'>χαρκκτῆρκ</span> 
     </span>
     <span class='ocr_line' id='line_1_4' title="bbox 336 341 1847 382; baseline -0.002 -8"><span class='ocrx_word' id='word_1_32' title='bbox 336 346 470 382; x_wconf 84' lang='lat' dir='ltr'>quaedam</span> <span class='ocrx_word' id='word_1_33' title='bbox 487 344 640 374; x_wconf 81' lang='lat' dir='ltr'>intercedat</span> <span class='ocrx_word' id='word_1_34' title='bbox 655 345 831 381; x_wconf 67' lang='lat' dir='ltr'>similitudo,</span> <span class='ocrx_word' id='word_1_35' title='bbox 855 346 905 375; x_wconf 88' lang='lat' dir='ltr'>sed</span> <span class='ocrx_word' id='word_1_36' title='bbox 927 346 994 382; x_wconf 89' lang='lat' dir='ltr'>quia</span> <span class='ocrx_word' id='word_1_37' title='bbox 1010 352 1055 374; x_wconf 89' lang='lat' dir='ltr'>est</span> <span class='ocrx_word' id='word_1_38' title='bbox 1074 345 1183 382; x_wconf 87' lang='lat' dir='ltr'>species</span> <span class='ocrx_word' id='word_1_39' title='bbox 1208 343 1322 372; x_wconf 79' lang='lat' dir='ltr'><em>Cantici</em></span> <span class='ocrx_word' id='word_1_40' title='bbox 1342 345 1372 371; x_wconf 83' lang='lat' dir='ltr'>in</span> <span class='ocrx_word' id='word_1_41' title='bbox 1393 342 1452 371; x_wconf 77' lang='lat' dir='ltr'>Dei</span> <span class='ocrx_word' id='word_1_42' title='bbox 1471 341 1606 377; x_wconf 64' lang='lat' dir='ltr'>laudem,</span> <span class='ocrx_word' id='word_1_43' title='bbox 1627 343 1711 379; x_wconf 87' lang='lat' dir='ltr'>cujus</span> <span class='ocrx_word' id='word_1_44' title='bbox 1731 343 1847 380; x_wconf 86' lang='lat' dir='ltr'>generis-</span> 
     </span>
     <span class='ocr_line' id='line_1_5' title="bbox 330 394 1839 434; baseline -0.001 -9"><span class='ocrx_word' id='word_1_45' title='bbox 330 395 454 425; x_wconf 85' lang='lat' dir='ltr'>carmina</span> <span class='ocrx_word' id='word_1_46' title='bbox 476 397 593 432; x_wconf 85' lang='lat' dir='ltr'>proprio</span> <span class='ocrx_word' id='word_1_47' title='bbox 615 397 732 426; x_wconf 87' lang='lat' dir='ltr'>nomine</span> <span class='ocrx_word' id='word_1_48' title='bbox 753 398 850 434; x_wconf 79' lang='lat' dir='ltr'>hymni</span> <span class='ocrx_word' id='word_1_49' title='bbox 867 398 1001 434; x_wconf 81' lang='lat' dir='ltr'>appellati</span> <span class='ocrx_word' id='word_1_50' title='bbox 1022 403 1100 426; x_wconf 85' lang='lat' dir='ltr'>sunt.</span> <span class='ocrx_word' id='word_1_51' title='bbox 1149 396 1196 424; x_wconf 90' lang='lat' dir='ltr'>Ad</span> <span class='ocrx_word' id='word_1_52' title='bbox 1215 395 1289 424; x_wconf 88' lang='lat' dir='ltr'>illud</span> <span class='ocrx_word' id='word_1_53' title='bbox 1312 402 1385 424; x_wconf 88' lang='lat' dir='ltr'>certe</span> <span class='ocrx_word' id='word_1_54' title='bbox 1405 394 1559 423; x_wconf 79' lang='lat' dir='ltr'>carminum</span> <span class='ocrx_word' id='word_1_55' title='bbox 1586 402 1675 431; x_wconf 86' lang='lat' dir='ltr'>genus</span> <span class='ocrx_word' id='word_1_56' title='bbox 1696 394 1839 430; x_wconf 80' lang='lat' dir='ltr'>pertinent</span> 
     </span>
     <span class='ocr_line' id='line_1_6' title="bbox 331 435 1842 485; baseline 0 -9"><span class='ocrx_word' id='word_1_57' title='bbox 331 435 454 481; x_wconf 82' lang='lat' dir='ltr'>Psalmi,</span> <span class='ocrx_word' id='word_1_58' title='bbox 477 457 599 483; x_wconf 86' lang='lat' dir='ltr'>quorum</span> <span class='ocrx_word' id='word_1_59' title='bbox 622 448 711 477; x_wconf 86' lang='lat' dir='ltr'>dictio</span> <span class='ocrx_word' id='word_1_60' title='bbox 731 456 774 477; x_wconf 89' lang='lat' dir='ltr'>est</span> <span class='ocrx_word' id='word_1_61' title='bbox 793 449 927 485; x_wconf 70' lang='lat' dir='ltr'>Poetica,</span> <span class='ocrx_word' id='word_1_62' title='bbox 950 450 1020 478; x_wconf 82' lang='lat' dir='ltr'>ordo</span> <span class='ocrx_word' id='word_1_63' title='bbox 1040 447 1228 484; x_wconf 82' lang='lat' dir='ltr'>Historicus‚</span> <span class='ocrx_word' id='word_1_64' title='bbox 1256 453 1283 476; x_wconf 86' lang='lat' dir='ltr'>et</span> <span class='ocrx_word' id='word_1_65' title='bbox 1301 453 1500 484; x_wconf 81' lang='lat' dir='ltr'><strong>argumentum</strong></span> <span class='ocrx_word' id='word_1_66' title='bbox 1519 445 1566 475; x_wconf 87' lang='lat' dir='ltr'>hic</span> <span class='ocrx_word' id='word_1_67' title='bbox 1584 446 1642 475; x_wconf 85' lang='lat' dir='ltr'>illic</span> <span class='ocrx_word' id='word_1_68' title='bbox 1668 445 1842 483; x_wconf 68' lang='lat' dir='ltr'>imaginihus</span> 
     </span>
     <span class='ocr_line' id='line_1_7' title="bbox 333 499 1021 536; baseline 0.006 -10"><span class='ocrx_word' id='word_1_69' title='bbox 333 499 459 535; x_wconf 82' lang='lat' dir='ltr'>stylique</span> <span class='ocrx_word' id='word_1_70' title='bbox 483 499 640 536; x_wconf 58' lang='lat' dir='ltr'>grandimss</span> <span class='ocrx_word' id='word_1_71' title='bbox 664 499 811 529; x_wconf 86' lang='lat' dir='ltr'>coloribus</span> <span class='ocrx_word' id='word_1_72' title='bbox 835 500 1021 530; x_wconf 81' lang='lat' dir='ltr'>illustratum.</span> 
     </span>
    </p>
   </div>
   <div class='ocr_carea' id='block_1_3' title="bbox 841 590 1339 717">
    <p class='ocr_par' dir='ltr' id='par_1_3' title="bbox 841 590 1339 717">
     <span class='ocr_line' id='line_1_8' title="bbox 1042 590 1140 626; baseline 0.01 -9"><span class='ocrx_word' id='word_1_73' title='bbox 1042 590 1070 626; x_wconf 83' lang='lat'>§.</span> <span class='ocrx_word' id='word_1_74' title='bbox 1110 599 1140 625; x_wconf 90' lang='lat'>4.</span> 
     </span>
     <span class='ocr_line' id='line_1_9' title="bbox 841 678 1339 717; baseline -0.002 -10"><span class='ocrx_word' id='word_1_75' title='bbox 841 678 987 708; x_wconf 81' lang='lat' dir='ltr'><em>Carminis</em></span> <span class='ocrx_word' id='word_1_76' title='bbox 1007 679 1151 717; x_wconf 80' lang='lat' dir='ltr'><em>dispositio</em></span> <span class='ocrx_word' id='word_1_77' title='bbox 1173 687 1208 708; x_wconf 80' lang='lat' dir='ltr'>ac</span> <span class='ocrx_word' id='word_1_78' title='bbox 1227 678 1339 708; x_wconf 75' lang='lat' dir='ltr'>divisio.</span> 
     </span>
    </p>
   </div>
   <div class='ocr_carea' id='block_1_4' title="bbox 326 753 1872 1567">
    <p class='ocr_par' dir='ltr' id='par_1_4' title="bbox 326 753 1848 999">
     <span class='ocr_line' id='line_1_10' title="bbox 371 753 1841 791; baseline 0 -10"><span class='ocrx_word' id='word_1_79' title='bbox 371 753 494 782; x_wconf 78' lang='lat' dir='ltr'>Carmen</span> <span class='ocrx_word' id='word_1_80' title='bbox 518 762 577 782; x_wconf 87' lang='lat' dir='ltr'>non</span> <span class='ocrx_word' id='word_1_81' title='bbox 601 755 727 784; x_wconf 74' lang='lat' dir='ltr'>obscuro</span> <span class='ocrx_word' id='word_1_82' title='bbox 749 761 810 791; x_wconf 89' lang='lat' dir='ltr'>est,</span> <span class='ocrx_word' id='word_1_83' title='bbox 840 762 872 784; x_wconf 88' lang='lat' dir='ltr'>ut</span> <span class='ocrx_word' id='word_1_84' title='bbox 900 755 1049 785; x_wconf 85' lang='lat' dir='ltr'>nonnullis</span> <span class='ocrx_word' id='word_1_85' title='bbox 1073 756 1205 791; x_wconf 86' lang='lat' dir='ltr'>videtur,</span> <span class='ocrx_word' id='word_1_86' title='bbox 1234 755 1352 790; x_wconf 87' lang='lat' dir='ltr'>ordine,</span> <span class='ocrx_word' id='word_1_87' title='bbox 1383 753 1431 783; x_wconf 84' lang='lat' dir='ltr'>sed</span> <span class='ocrx_word' id='word_1_88' title='bbox 1457 753 1549 782; x_wconf 82' lang='lat' dir='ltr'>forma</span> <span class='ocrx_word' id='word_1_89' title='bbox 1577 753 1647 782; x_wconf 82' lang='lat' dir='ltr'>satis</span> <span class='ocrx_word' id='word_1_90' title='bbox 1669 759 1841 789; x_wconf 79' lang='lat' dir='ltr'>apparente,</span> 
     </span>
     <span class='ocr_line' id='line_1_11' title="bbox 333 805 1846 844; baseline 0.001 -11"><span class='ocrx_word' id='word_1_91' title='bbox 333 813 366 833; x_wconf 79' lang='lat' dir='ltr'>ac</span> <span class='ocrx_word' id='word_1_92' title='bbox 393 805 584 841; x_wconf 85' lang='lat' dir='ltr'>dispositione</span> <span class='ocrx_word' id='word_1_93' title='bbox 616 806 694 834; x_wconf 83' lang='lat' dir='ltr'>facili</span> <span class='ocrx_word' id='word_1_94' title='bbox 731 808 917 843; x_wconf 83' lang='lat' dir='ltr'>materiaeque</span> <span class='ocrx_word' id='word_1_95' title='bbox 947 808 1178 844; x_wconf 73' lang='lat' dir='ltr'>accommodata3</span> <span class='ocrx_word' id='word_1_96' title='bbox 1212 808 1291 844; x_wconf 88' lang='lat' dir='ltr'>quod</span> <span class='ocrx_word' id='word_1_97' title='bbox 1321 805 1411 843; x_wconf 82' lang='lat' dir='ltr'>magis</span> <span class='ocrx_word' id='word_1_98' title='bbox 1444 805 1526 834; x_wconf 86' lang='lat' dir='ltr'>etiam</span> <span class='ocrx_word' id='word_1_99' title='bbox 1555 805 1747 842; x_wconf 75' lang='lat' dir='ltr'>intelligitur,</span> <span class='ocrx_word' id='word_1_100' title='bbox 1779 814 1846 834; x_wconf 87' lang='lat' dir='ltr'>cum</span> 
     </span>
     <span class='ocr_line' id='line_1_12' title="bbox 330 856 1846 896; baseline 0 -12"><span class='ocrx_word' id='word_1_101' title='bbox 330 856 439 885; x_wconf 84' lang='lat' dir='ltr'>Graeca</span> <span class='ocrx_word' id='word_1_102' title='bbox 461 856 558 885; x_wconf 87' lang='lat' dir='ltr'>Lucae</span> <span class='ocrx_word' id='word_1_103' title='bbox 580 858 666 886; x_wconf 83' lang='lat' dir='ltr'>verba</span> <span class='ocrx_word' id='word_1_104' title='bbox 691 858 720 887; x_wconf 86' lang='lat' dir='ltr'>in</span> <span class='ocrx_word' id='word_1_105' title='bbox 740 858 895 887; x_wconf 82' lang='lat' dir='ltr'>Hebraeam</span> <span class='ocrx_word' id='word_1_106' title='bbox 920 859 1046 896; x_wconf 82' lang='lat' dir='ltr'>linguam</span> <span class='ocrx_word' id='word_1_107' title='bbox 1073 859 1282 888; x_wconf 84' lang='lat' dir='ltr'>convertimus.</span> <span class='ocrx_word' id='word_1_108' title='bbox 1324 858 1447 886; x_wconf 69' lang='lat' dir='ltr'><em>Duabus</em></span> <span class='ocrx_word' id='word_1_109' title='bbox 1471 863 1584 887; x_wconf 88' lang='lat' dir='ltr'>constat</span> <span class='ocrx_word' id='word_1_110' title='bbox 1600 857 1846 895; x_wconf 37' lang='lat' dir='ltr'>parrihassssub„</span> 
     </span>
     <span class='ocr_line' id='line_1_13' title="bbox 326 907 1848 947; baseline 0.003 -13"><span class='ocrx_word' id='word_1_111' title='bbox 326 907 472 941; x_wconf 69' lang='lat' dir='ltr'>sectas-am</span> <span class='ocrx_word' id='word_1_112' title='bbox 493 915 684 946; x_wconf 66' lang='lat' dir='ltr'>personarum</span> <span class='ocrx_word' id='word_1_113' title='bbox 714 910 816 938; x_wconf 75' lang='lat' dir='ltr'>habita</span> <span class='ocrx_word' id='word_1_114' title='bbox 844 911 973 946; x_wconf 74' lang='lat' dir='ltr'>ratione,</span> <span class='ocrx_word' id='word_1_115' title='bbox 1005 918 1125 947; x_wconf 87' lang='lat' dir='ltr'>quarum</span> <span class='ocrx_word' id='word_1_116' title='bbox 1151 909 1257 939; x_wconf 81' lang='lat' dir='ltr'>Priore</span> <span class='ocrx_word' id='word_1_117' title='bbox 1284 909 1377 938; x_wconf 77' lang='lat' dir='ltr'>Parte</span> <span class='ocrx_word' id='word_1_118' title='bbox 1399 909 1563 938; x_wconf 79' lang='lat' dir='ltr'>continetur</span> <span class='ocrx_word' id='word_1_119' title='bbox 1591 909 1760 938; x_wconf 60' lang='lat' dir='ltr'>divinarum</span> <span class='ocrx_word' id='word_1_120' title='bbox 1782 908 1848 938; x_wconf 83' lang='lat' dir='ltr'><em>lau-</em></span> 
     </span>
     <span class='ocr_line' id='line_1_14' title="bbox 331 957 1144 999; baseline 0.006 -14"><span class='ocrx_word' id='word_1_121' title='bbox 331 957 397 986; x_wconf 71' lang='lat' dir='ltr'>dam</span> <span class='ocrx_word' id='word_1_122' title='bbox 419 959 573 987; x_wconf 72' lang='lat' dir='ltr'>celebratio</span> <span class='ocrx_word' id='word_1_123' title='bbox 595 960 625 988; x_wconf 73' lang='lat' dir='ltr'>ol)</span> <span class='ocrx_word' id='word_1_124' title='bbox 645 967 812 999; x_wconf 65' lang='lat' dir='ltr'>exoptatum</span> <span class='ocrx_word' id='word_1_125' title='bbox 833 961 958 989; x_wconf 77' lang='lat' dir='ltr'>Messiae</span> <span class='ocrx_word' id='word_1_126' title='bbox 978 961 1144 992; x_wconf 70' lang='lat' dir='ltr'>adventum.</span> 
     </span>
    </p>

    <p class='ocr_par' dir='ltr' id='par_1_5' title="bbox 329 1009 1872 1358">
     <span class='ocr_line' id='line_1_15' title="bbox 371 1009 1844 1049; baseline 0.001 -12"><span class='ocrx_word' id='word_1_127' title='bbox 371 1009 499 1038; x_wconf 84' lang='lat' dir='ltr'>Exordio</span> <span class='ocrx_word' id='word_1_128' title='bbox 534 1011 675 1048; x_wconf 80' lang='lat' dir='ltr'>eleganti,</span> <span class='ocrx_word' id='word_1_129' title='bbox 707 1012 831 1041; x_wconf 85' lang='lat' dir='ltr'>formula</span> <span class='ocrx_word' id='word_1_130' title='bbox 859 1013 996 1042; x_wconf 76' lang='lat' dir='ltr'>Hebraeis</span> <span class='ocrx_word' id='word_1_131' title='bbox 1021 1013 1153 1049; x_wconf 87' lang='lat' dir='ltr'>solenni,</span> <span class='ocrx_word' id='word_1_132' title='bbox 1186 1013 1215 1042; x_wconf 92' lang='lat' dir='ltr'>in</span> <span class='ocrx_word' id='word_1_133' title='bbox 1240 1012 1378 1042; x_wconf 87' lang='lat' dir='ltr'>Numinis</span> <span class='ocrx_word' id='word_1_134' title='bbox 1405 1012 1501 1041; x_wconf 87' lang='lat' dir='ltr'>laudes</span> <span class='ocrx_word' id='word_1_135' title='bbox 1527 1012 1652 1048; x_wconf 88' lang='lat' dir='ltr'>erumpit</span> <span class='ocrx_word' id='word_1_136' title='bbox 1679 1010 1844 1040; x_wconf 79' lang='lat' dir='ltr'>Zacharias.</span> 
     </span>
     <span class='ocr_line' id='line_1_16' title="bbox 330 1058 1870 1107; baseline 0.003 -20"><span class='ocrx_word' id='word_1_137' title='bbox 330 1058 404 1088; x_wconf 88' lang='lat' dir='ltr'>Dein</span> <span class='ocrx_word' id='word_1_138' title='bbox 427 1070 532 1090; x_wconf 88' lang='lat' dir='ltr'>comm.</span> <span class='ocrx_word' id='word_1_139' title='bbox 556 1063 590 1091; x_wconf 79' lang='lat'>68</span> <span class='ocrx_word' id='word_1_140' title='bbox 613 1070 640 1091; x_wconf 87' lang='lat' dir='ltr'>et</span> <span class='ocrx_word' id='word_1_141' title='bbox 662 1065 708 1100; x_wconf 88' lang='lat'>69.</span> <span class='ocrx_word' id='word_1_142' title='bbox 733 1065 887 1101; x_wconf 83' lang='lat' dir='ltr'>generalem</span> <span class='ocrx_word' id='word_1_143' title='bbox 908 1065 987 1094; x_wconf 83' lang='lat' dir='ltr'>affert</span> <span class='ocrx_word' id='word_1_144' title='bbox 1007 1066 1145 1094; x_wconf 76' lang='lat' dir='ltr'>rationem</span> <span class='ocrx_word' id='word_1_145' title='bbox 1171 1065 1283 1094; x_wconf 88' lang='lat' dir='ltr'>divinae</span> <span class='ocrx_word' id='word_1_146' title='bbox 1305 1064 1512 1101; x_wconf 82' lang='lat' dir='ltr'>benignitatis,</span> <span class='ocrx_word' id='word_1_147' title='bbox 1535 1073 1551 1092; x_wconf 94' lang='lat' dir='ltr'>a</span> <span class='ocrx_word' id='word_1_148' title='bbox 1576 1072 1607 1093; x_wconf 90' lang='lat' dir='ltr'>se</span> <span class='ocrx_word' id='word_1_149' title='bbox 1629 1071 1742 1107; x_wconf 75' lang='lat' dir='ltr'>suaque</span> <span class='ocrx_word' id='word_1_150' title='bbox 1763 1068 1849 1099; x_wconf 88' lang='lat' dir='ltr'>gente</span> <span class='ocrx_word' id='word_1_151' title='bbox 1863 1088 1870 1092; x_wconf 89' lang='lat'>.</span> 
     </span>
     <span class='ocr_line' id='line_1_17' title="bbox 329 1110 1846 1151; baseline 0.003 -13"><span class='ocrx_word' id='word_1_152' title='bbox 329 1110 461 1140; x_wconf 85' lang='lat' dir='ltr'>universa</span> <span class='ocrx_word' id='word_1_153' title='bbox 483 1113 674 1143; x_wconf 82' lang='lat' dir='ltr'>celebrandae.</span> <span class='ocrx_word' id='word_1_154' title='bbox 717 1115 793 1144; x_wconf 87' lang='lat' dir='ltr'>Tum</span> <span class='ocrx_word' id='word_1_155' title='bbox 814 1116 1017 1145; x_wconf 82' lang='lat' dir='ltr'>vaticiniorum</span> <span class='ocrx_word' id='word_1_156' title='bbox 1041 1116 1212 1145; x_wconf 83' lang='lat' dir='ltr'>mentionem</span> <span class='ocrx_word' id='word_1_157' title='bbox 1237 1116 1305 1145; x_wconf 84' lang='lat' dir='ltr'>facit</span> <span class='ocrx_word' id='word_1_158' title='bbox 1328 1124 1434 1144; x_wconf 87' lang='lat' dir='ltr'>comm.</span> <span class='ocrx_word' id='word_1_159' title='bbox 1456 1124 1504 1151; x_wconf 89' lang='lat'>70.</span> <span class='ocrx_word' id='word_1_160' title='bbox 1527 1121 1561 1144; x_wconf 89' lang='lat' dir='ltr'>ut</span> <span class='ocrx_word' id='word_1_161' title='bbox 1578 1115 1738 1150; x_wconf 79' lang='lat' dir='ltr'>Messiam,</span> <span class='ocrx_word' id='word_1_162' title='bbox 1761 1113 1846 1150; x_wconf 81' lang='lat' dir='ltr'>qu&#39;us</span> 
     </span>
     <span class='ocr_line' id='line_1_18' title="bbox 329 1162 1847 1205; baseline 0.003 -16"><span class='ocrx_word' id='word_1_163' title='bbox 329 1162 481 1191; x_wconf 86' lang='lat' dir='ltr'>adventum</span> <span class='ocrx_word' id='word_1_164' title='bbox 506 1164 638 1194; x_wconf 82' lang='lat' dir='ltr'>laudibus</span> <span class='ocrx_word' id='word_1_165' title='bbox 661 1165 759 1202; x_wconf 82' lang='lat' dir='ltr'>effert,</span> <span class='ocrx_word' id='word_1_166' title='bbox 788 1167 927 1196; x_wconf 85' lang='lat' dir='ltr'>describat</span> <span class='ocrx_word' id='word_1_167' title='bbox 947 1174 1083 1204; x_wconf 85' lang='lat' dir='ltr'>tanquam</span> <span class='ocrx_word' id='word_1_168' title='bbox 1112 1168 1218 1205; x_wconf 84' lang='lat' dir='ltr'>Regem</span> <span class='ocrx_word' id='word_1_169' title='bbox 1239 1174 1403 1204; x_wconf 80' lang='lat' dir='ltr'>potentem,</span> <span class='ocrx_word' id='word_1_170' title='bbox 1433 1167 1536 1204; x_wconf 88' lang='lat' dir='ltr'>populi</span> <span class='ocrx_word' id='word_1_171' title='bbox 1557 1166 1755 1201; x_wconf 83' lang='lat' dir='ltr'>liberatorem,</span> <span class='ocrx_word' id='word_1_172' title='bbox 1775 1165 1847 1195; x_wconf 85' lang='lat' dir='ltr'>hos-</span> 
     </span>
     <span class='ocr_line' id='line_1_19' title="bbox 329 1212 1848 1257; baseline 0.004 -17"><span class='ocrx_word' id='word_1_173' title='bbox 329 1212 402 1241; x_wconf 83' lang='lat' dir='ltr'>tium</span> <span class='ocrx_word' id='word_1_174' title='bbox 421 1215 632 1244; x_wconf 82' lang='lat' dir='ltr'>debellatorem.</span> <span class='ocrx_word' id='word_1_175' title='bbox 674 1217 763 1246; x_wconf 87' lang='lat' dir='ltr'>Porro</span> <span class='ocrx_word' id='word_1_176' title='bbox 789 1220 914 1247; x_wconf 86' lang='lat' dir='ltr'>occurrit</span> <span class='ocrx_word' id='word_1_177' title='bbox 934 1225 960 1247; x_wconf 90' lang='lat' dir='ltr'>et</span> <span class='ocrx_word' id='word_1_178' title='bbox 980 1221 1119 1257; x_wconf 85' lang='lat' dir='ltr'>majorum</span> <span class='ocrx_word' id='word_1_179' title='bbox 1145 1226 1172 1248; x_wconf 87' lang='lat' dir='ltr'>et</span> <span class='ocrx_word' id='word_1_180' title='bbox 1192 1219 1360 1248; x_wconf 86' lang='lat' dir='ltr'>nominatim</span> <span class='ocrx_word' id='word_1_181' title='bbox 1385 1219 1541 1248; x_wconf 63' lang='lat' dir='ltr'>Abi-alrami</span> <span class='ocrx_word' id='word_1_182' title='bbox 1562 1217 1743 1254; x_wconf 84' lang='lat' dir='ltr'>recordatio,</span> <span class='ocrx_word' id='word_1_183' title='bbox 1773 1224 1848 1253; x_wconf 87' lang='lat' dir='ltr'>quo-</span> 
     </span>
     <span class='ocr_line' id='line_1_20' title="bbox 330 1266 1872 1308; baseline 0.003 -16"><span class='ocrx_word' id='word_1_184' title='bbox 330 1272 393 1292; x_wconf 84' lang='lat' dir='ltr'>rum</span> <span class='ocrx_word' id='word_1_185' title='bbox 418 1266 506 1302; x_wconf 85' lang='lat' dir='ltr'>gratia</span> <span class='ocrx_word' id='word_1_186' title='bbox 525 1267 605 1296; x_wconf 86' lang='lat' dir='ltr'>Deus</span> <span class='ocrx_word' id='word_1_187' title='bbox 627 1274 704 1297; x_wconf 82' lang='lat' dir='ltr'>tanta</span> <span class='ocrx_word' id='word_1_188' title='bbox 725 1269 860 1299; x_wconf 69' lang='lat' dir='ltr'>Israelitis</span> <span class='ocrx_word' id='word_1_189' title='bbox 882 1270 1073 1300; x_wconf 80' lang='lat' dir='ltr'>beneficia.sit</span> <span class='ocrx_word' id='word_1_190' title='bbox 1092 1272 1263 1301; x_wconf 87' lang='lat' dir='ltr'>collaturus.</span> <span class='ocrx_word' id='word_1_191' title='bbox 1305 1271 1438 1308; x_wconf 91' lang='lat' dir='ltr'>Denique</span> <span class='ocrx_word' id='word_1_192' title='bbox 1456 1270 1611 1300; x_wconf 86' lang='lat' dir='ltr'>consilium</span> <span class='ocrx_word' id='word_1_193' title='bbox 1632 1269 1719 1298; x_wconf 84' lang='lat' dir='ltr'>refert</span> <span class='ocrx_word' id='word_1_194' title='bbox 1739 1267 1849 1305; x_wconf 82' lang='lat' dir='ltr'>magni·</span> <span class='ocrx_word' id='word_1_195' title='bbox 1869 1292 1872 1295; x_wconf 94' lang='lat'>.</span> 
     </span>
     <span class='ocr_line' id='line_1_21' title="bbox 333 1313 1462 1358; baseline 0.008 -14"><span class='ocrx_word' id='word_1_196' title='bbox 333 1313 420 1344; x_wconf 83' lang='lat' dir='ltr'>ficum</span> <span class='ocrx_word' id='word_1_197' title='bbox 445 1317 510 1346; x_wconf 86' lang='lat' dir='ltr'>talis</span> <span class='ocrx_word' id='word_1_198' title='bbox 532 1325 684 1355; x_wconf 84' lang='lat' dir='ltr'>tantaeque</span> <span class='ocrx_word' id='word_1_199' title='bbox 709 1320 905 1358; x_wconf 85' lang='lat' dir='ltr'>benignitatis.</span> <span class='ocrx_word' id='word_1_200' title='bbox 1074 1326 1087 1341; x_wconf 79' lang='lat'><em>¹</em></span> <span class='ocrx_word' id='word_1_201' title='bbox 1447 1344 1462 1353; x_wconf 74' lang='lat'>.</span> 
     </span>
    </p>

    <p class='ocr_par' dir='ltr' id='par_1_6' title="bbox 329 1364 1872 1567">
     <span class='ocr_line' id='line_1_22' title="bbox 370 1364 1872 1410; baseline 0.005 -18"><span class='ocrx_word' id='word_1_202' title='bbox 370 1364 534 1396; x_wconf 58' lang='lat' dir='ltr'>Posterior-e</span> <span class='ocrx_word' id='word_1_203' title='bbox 559 1370 674 1398; x_wconf 86' lang='lat' dir='ltr'>Cantici</span> <span class='ocrx_word' id='word_1_204' title='bbox 698 1379 788 1410; x_wconf 72' lang='lat' dir='ltr'>pat-le</span> <span class='ocrx_word' id='word_1_205' title='bbox 819 1374 853 1402; x_wconf 90' lang='lat' dir='ltr'>ad</span> <span class='ocrx_word' id='word_1_206' title='bbox 880 1382 976 1402; x_wconf 88' lang='lat' dir='ltr'>recens</span> <span class='ocrx_word' id='word_1_207' title='bbox 1000 1381 1099 1404; x_wconf 86' lang='lat' dir='ltr'>natum</span> <span class='ocrx_word' id='word_1_208' title='bbox 1128 1375 1264 1404; x_wconf 87' lang='lat' dir='ltr'>infantem</span> <span class='ocrx_word' id='word_1_209' title='bbox 1291 1375 1383 1404; x_wconf 87' lang='lat' dir='ltr'>oratio</span> <span class='ocrx_word' id='word_1_210' title='bbox 1409 1374 1608 1409; x_wconf 86' lang='lat' dir='ltr'>convertitur,</span> <span class='ocrx_word' id='word_1_211' title='bbox 1635 1381 1720 1409; x_wconf 87' lang='lat' dir='ltr'>quem</span> <span class='ocrx_word' id='word_1_212' title='bbox 1747 1372 1872 1406; x_wconf 55' lang='lat' dir='ltr'>Parem*</span> 
     </span>
     <span class='ocr_line' id='line_1_23' title="bbox 332 1416 1868 1463; baseline 0.006 -20"><span class='ocrx_word' id='word_1_213' title='bbox 332 1416 436 1452; x_wconf 83' lang='lat' dir='ltr'>gaudio</span> <span class='ocrx_word' id='word_1_214' title='bbox 455 1420 619 1456; x_wconf 78' lang='lat' dir='ltr'>exsultans,</span> <span class='ocrx_word' id='word_1_215' title='bbox 648 1422 773 1452; x_wconf 82' lang='lat' dir='ltr'>Messiae</span> <span class='ocrx_word' id='word_1_216' title='bbox 794 1433 1006 1461; x_wconf 76' lang='lat' dir='ltr'>praecursorem</span> <span class='ocrx_word' id='word_1_217' title='bbox 1031 1426 1092 1455; x_wconf 78' lang='lat' dir='ltr'>sore</span> <span class='ocrx_word' id='word_1_218' title='bbox 1109 1426 1303 1463; x_wconf 71' lang='lat' dir='ltr'>praevideret,</span> <span class='ocrx_word' id='word_1_219' title='bbox 1329 1433 1357 1455; x_wconf 83' lang='lat' dir='ltr'>et</span> <span class='ocrx_word' id='word_1_220' title='bbox 1378 1427 1408 1455; x_wconf 87' lang='lat' dir='ltr'>in</span> <span class='ocrx_word' id='word_1_221' title='bbox 1430 1428 1515 1463; x_wconf 83' lang='lat' dir='ltr'>qu&#39;us</span> <span class='ocrx_word' id='word_1_222' title='bbox 1536 1424 1724 1461; x_wconf 79' lang='lat' dir='ltr'>praedicando</span> <span class='ocrx_word' id='word_1_223' title='bbox 1749 1426 1847 1447; x_wconf 82' lang='lat' dir='ltr'>nnme-</span> <span class='ocrx_word' id='word_1_224' title='bbox 1864 1429 1868 1445; x_wconf 75' lang='grc' dir='ltr'>ῑ</span> 
     </span>
     <span class='ocr_line' id='line_1_24' title="bbox 330 1469 1848 1519; baseline 0.003 -25"><span class='ocrx_word' id='word_1_225' title='bbox 330 1475 360 1494; x_wconf 81' lang='lat' dir='ltr'>re</span> <span class='ocrx_word' id='word_1_226' title='bbox 383 1474 446 1496; x_wconf 88' lang='lat' dir='ltr'>toto</span> <span class='ocrx_word' id='word_1_227' title='bbox 467 1469 561 1499; x_wconf 86' lang='lat' dir='ltr'>animo</span> <span class='ocrx_word' id='word_1_228' title='bbox 586 1480 763 1510; x_wconf 84' lang='lat' dir='ltr'>occupatus,</span> <span class='ocrx_word' id='word_1_229' title='bbox 787 1484 854 1505; x_wconf 84' lang='lat' dir='ltr'>mox</span> <span class='ocrx_word' id='word_1_230' title='bbox 875 1477 963 1514; x_wconf 81' lang='lat' dir='ltr'>hujus</span> <span class='ocrx_word' id='word_1_231' title='bbox 987 1484 1042 1506; x_wconf 61' lang='lat' dir='ltr'>tarn</span> <span class='ocrx_word' id='word_1_232' title='bbox 1066 1478 1188 1507; x_wconf 81' lang='lat' dir='ltr'>illustris</span> <span class='ocrx_word' id='word_1_233' title='bbox 1214 1479 1299 1507; x_wconf 80' lang='lat' dir='ltr'>officii</span> <span class='ocrx_word' id='word_1_234' title='bbox 1324 1477 1517 1514; x_wconf 81' lang='lat' dir='ltr'>cogitatione,</span> <span class='ocrx_word' id='word_1_235' title='bbox 1546 1479 1681 1507; x_wconf 80' lang='lat' dir='ltr'>tanquam</span> <span class='ocrx_word' id='word_1_236' title='bbox 1706 1469 1848 1519; x_wconf 49' lang='lat' dir='ltr'>novo.afj</span> 
     </span>
     <span class='ocr_line' id='line_1_25' title="bbox 329 1517 1845 1567; baseline -0.004 -13"><span class='ocrx_word' id='word_1_237' title='bbox 329 1517 417 1554; x_wconf 82' lang='lat' dir='ltr'>flatu,</span> <span class='ocrx_word' id='word_1_238' title='bbox 441 1522 603 1552; x_wconf 87' lang='lat' dir='ltr'>concitatus</span> <span class='ocrx_word' id='word_1_239' title='bbox 633 1525 667 1553; x_wconf 84' lang='lat' dir='ltr'>ad</span> <span class='ocrx_word' id='word_1_240' title='bbox 692 1525 786 1562; x_wconf 83' lang='lat' dir='ltr'>ipsius</span> <span class='ocrx_word' id='word_1_241' title='bbox 816 1528 941 1567; x_wconf 77' lang='lat' dir='ltr'>Messiae</span> <span class='ocrx_word' id='word_1_242' title='bbox 962 1529 1080 1566; x_wconf 82' lang='lat' dir='ltr'>gloriam</span> <span class='ocrx_word' id='word_1_243' title='bbox 1108 1530 1300 1558; x_wconf 69' lang='lat' dir='ltr'>celebrandam</span> <span class='ocrx_word' id='word_1_244' title='bbox 1326 1527 1510 1560; x_wconf 83' lang='lat' dir='ltr'>devolvitur,</span> <span class='ocrx_word' id='word_1_245' title='bbox 1536 1524 1658 1560; x_wconf 83' lang='lat' dir='ltr'>eJ&#39;usque</span> <span class='ocrx_word' id='word_1_246' title='bbox 1681 1522 1766 1557; x_wconf 85' lang='lat' dir='ltr'>longe</span> <span class='ocrx_word' id='word_1_247' title='bbox 1786 1528 1845 1549; x_wconf 86' lang='lat' dir='ltr'>ma-</span> 
     </span>
    </p>
   </div>
   <div class='ocr_carea' id='block_1_5' title="bbox 328 1568 1846 1658">
    <p class='ocr_par' dir='ltr' id='par_1_7' title="bbox 328 1568 1846 1658">
     <span class='ocr_line' id='line_1_26' title="bbox 328 1568 1846 1619; baseline 0.022 -23"><span class='ocrx_word' id='word_1_248' title='bbox 328 1568 417 1605; x_wconf 81' lang='lat' dir='ltr'>jorem</span> <span class='ocrx_word' id='word_1_249' title='bbox 441 1574 639 1607; x_wconf 83' lang='lat' dir='ltr'>praestantiam</span> <span class='ocrx_word' id='word_1_250' title='bbox 662 1583 689 1605; x_wconf 87' lang='lat' dir='ltr'>et</span> <span class='ocrx_word' id='word_1_251' title='bbox 711 1579 904 1617; x_wconf 80' lang='lat' dir='ltr'>majestatem,</span> <span class='ocrx_word' id='word_1_252' title='bbox 934 1582 1018 1619; x_wconf 85' lang='lat' dir='ltr'>cujus</span> <span class='ocrx_word' id='word_1_253' title='bbox 1045 1590 1148 1618; x_wconf 84' lang='lat' dir='ltr'>praeco</span> <span class='ocrx_word' id='word_1_254' title='bbox 1173 1581 1290 1611; x_wconf 81' lang='lat' dir='ltr'>futurus</span> <span class='ocrx_word' id='word_1_255' title='bbox 1315 1586 1391 1610; x_wconf 85' lang='lat' dir='ltr'>esset</span> <span class='ocrx_word' id='word_1_256' title='bbox 1407 1578 1551 1617; x_wconf 81' lang='lat' dir='ltr'>JoanneS‚</span> <span class='ocrx_word' id='word_1_257' title='bbox 1582 1575 1612 1604; x_wconf 69' lang='lat' dir='ltr'>in</span> <span class='ocrx_word' id='word_1_258' title='bbox 1633 1573 1689 1602; x_wconf 68' lang='lat' dir='ltr'>fine</span> <span class='ocrx_word' id='word_1_259' title='bbox 1711 1571 1846 1601; x_wconf 76' lang='lat' dir='ltr'>carminis</span> 
     </span>
     <span class='ocr_line' id='line_1_27' title="bbox 334 1622 719 1658; baseline 0.029 -11"><span class='ocrx_word' id='word_1_260' title='bbox 334 1622 454 1651; x_wconf 70' lang='lat' dir='ltr'>sumnus</span> <span class='ocrx_word' id='word_1_261' title='bbox 475 1623 555 1653; x_wconf 83' lang='lat' dir='ltr'>cllert</span> <span class='ocrx_word' id='word_1_262' title='bbox 575 1627 719 1658; x_wconf 82' lang='lat' dir='ltr'>laudibus.</span> 
     </span>
    </p>
   </div>
   <div class='ocr_carea' id='block_1_6' title="bbox 1026 1825 1166 1850">
    <p class='ocr_par' dir='ltr' id='par_1_8' title="bbox 1026 1825 1166 1850">
     <span class='ocr_line' id='line_1_28' title="bbox 1026 1825 1166 1850; textangle 90"><span class='ocrx_word' id='word_1_263' title='bbox 1026 1825 1166 1850; x_wconf 76' lang='lat' dir='ltr'>l</span> 
     </span>
    </p>
   </div>
   <div class='ocr_carea' id='block_1_7' title="bbox 1701 2036 1846 2067">
    <p class='ocr_par' dir='ltr' id='par_1_9' title="bbox 1701 2036 1846 2067">
     <span class='ocr_line' id='line_1_29' title="bbox 1701 2036 1846 2067; baseline 0 -2"><span class='ocrx_word' id='word_1_264' title='bbox 1701 2036 1846 2067; x_wconf 81' lang='lat' dir='ltr'>SECTIO</span> 
     </span>
    </p>
   </div>
  </div>
 </body>
</html>
