1940 2474
183 157 227 200 ᾖ
466 156 509 199 G.
597 153 622 186 J.
710 156 742 189 G.
782 186 785 191 ,
823 165 851 200 ¹v
873 155 951 197 'Am-
991 155 1059 197 :M
1102 154 1132 186 Λ
1174 157 1196 186 S
1225 153 1339 197 ¹310·
1375 155 1415 200 W

182 250 266 279 quam
291 241 330 270 rei
352 241 562 278 possessionem
591 247 693 270 nactus
718 241 841 277 fuisset,
872 241 946 269 illud
963 241 1009 278 jus
1035 241 1197 271 vindicandi
1221 243 1256 272 ad
1278 243 1402 273 Heredes
1426 242 1577 273 transferre
1604 249 1688 280 pote-

177 301 241 330 ταῖς
265 302 347 322 secus
367 302 399 322 ac
421 302 464 321 res
486 301 547 322 sese
568 293 688 321 habebat
710 293 739 321 in
764 293 877 322 caeteris
904 293 1078 331 Legatorum
1102 295 1273 332 generibus,
1295 295 1325 324 id
1344 301 1409 330 est,
1439 303 1512 330 quae
1533 295 1592 323 fieri
1615 295 1690 324 dice-

182 344 285 373 bantur
307 353 356 379 per
381 344 613 382 Perceplionem,
635 343 858 373 Damnationem
883 351 931 373 aut
952 346 1072 375 Sinondi
1094 345 1184 375 modo.
1235 346 1377 383 Tempore
1397 346 1521 384 Ulpiani
1544 352 1570 374 et
1599 346 1690 375 Pauli

181 403 282 432 genem
298 395 471 432 Legatorum
494 396 620 424 nondum
644 402 795 431 exaequata
813 403 902 425 erant.
944 396 1008 425 Hoc
1029 398 1140 426 demum
1157 403 1254 433 postea
1270 396 1423 426 constituit
1440 396 1595 432 Imperator
1615 395 1689 431 Jus-

180 445 310 474 tiniam
333 446 361 474 in
382 447 420 475 L.
442 456 453 475 1
474 454 501 475 ct
518 456 548 475 2.
571 447 676 475 Comm.
698 447 732 475 de
749 447 821 484 Leg.
845 454 872 475 et
892 448 927 476 F.
948 448 1053 476 Comm.
1075 463 1110 472 -
1130 449 1163 477 In
1183 449 1221 477 L.
1241 457 1268 485 3.
1291 449 1434 486 Ulpianus
1451 448 1544 484 pergit
1562 448 1686 475 eamdem

179 505 237 525 rem
259 504 394 533 tractare;
416 504 503 533 sunt,
524 498 638 533 inquit,
659 504 686 525 et
710 498 788 526 allae
800 499 975 537 pleraeque,
996 499 1024 528 id
1046 506 1105 534 est,
1125 501 1240 536 plures,
1262 499 1372 528 scilicet
1396 505 1488 535 partes
1508 498 1601 535 juris,
1623 500 1686 536 qm·-

180 548 230 576 ἐπε
250 548 417 577 Dominium
439 550 498 577 sinc
520 548 688 577 Trudtaioue
709 551 887 587 acquiritur.
930 550 991 579 Nec
1016 559 1061 579 eas
1089 543 1213 587 iudicat,
1242 544 1298 580 nisi
1319 550 1391 579 infra
1417 551 1456 580 L.
1479 559 1524 579 12.
1552 551 1581 586 §-
1601 559 1627 578 1.
1655 549 1689 585 in

182 598 346 629 Hereditate
361 609 395 628 ex
412 599 603 636 Tubessffino,
625 601 658 629 de
675 609 731 636 qua
751 609 805 629 suo
825 602 891 631 loco
911 610 965 631 nos
990 610 1118 639 agemus.

549 703 590 730 A.
621 703 658 731 L.
683 712 709 740 3.
739 704 768 740 ἕ.
792 713 818 732 1.
839 719 896 727 --
923 705 952 740 §-
975 705 1004 733 6.
1032 705 1117 734 Publ.
1140 704 1306 734 adinstar.

214 803 284 842 JCti
305 804 353 832 his
375 804 448 832 locis
470 811 558 841 agunt
576 805 610 832 de
631 805 693 832 aliis
713 805 799 841 justis
827 807 940 841 causis,
969 815 1002 834 ex
1022 806 1127 842 quibus
1153 807 1292 842 comperit
1308 806 1494 841 Publiciana,
1516 806 1602 834 modo
1620 804 1691 834 Tra-

177 855 254 888 ditio
282 855 475 883 antecesserit.
529 855 643 884 Praetor
672 862 781 883 tantum
811 857 845 884 de
869 865 923 885 una
949 866 1053 891 causa,
1086 857 1196 885 scilicet
1222 857 1358 885 Emtione
1386 847 1559 897 venditione
1585 863 1689 893 egerat.

179 904 350 941 Interpretes
367 907 428 942 ejus
442 906 537 934 Edicti
568 907 602 934 ad
626 913 747 934 caeteras
774 907 866 942 Justas
890 916 989 936 causas
1019 908 1217 936 extendendam
1242 916 1303 936 esse
1325 907 1519 936 Publicianam
1541 913 1689 942 putarunt.

182 956 325 993 Ulpianus
339 956 413 985 enim
436 957 543 992 ipsein
565 957 603 985 L.
624 965 666 994 13.
683 957 722 993 ff.
744 957 777 986 dc
798 958 922 995 Legibus
944 965 1099 994 statuerat,
1123 959 1256 995 quotiens
1279 959 1389 995 aliquid
1402 958 1479 995 Lege
1495 958 1691 986 introductum

180 1014 274 1043 esset,
297 1008 400 1036 bonam
419 1009 596 1037 occasionem
614 1017 695 1044 esse,
713 1015 834 1043 caetera,
856 1018 928 1045 quae
947 1011 1066 1039 tendunt
1081 1011 1115 1039 ad
1128 1011 1252 1039 eamdem
1270 999 1440 1045 utilitatem,
1462 1008 1693 1045 interpretatione

177 1058 318 1103 suppleri.
368 1059 407 1088 Et
432 1059 526 1095 primo
554 1059 626 1088 inter
658 1069 703 1088 eas
730 1061 822 1096 justas
854 1069 954 1089 causas
985 1062 1124 1097 refertur,
1154 1062 1178 1090 si
1201 1062 1248 1090 cui
1276 1063 1353 1091 dotis
1380 1061 1494 1100 nomine
1521 1069 1563 1088 res
1589 1056 1696 1109 traditi,

177 1109 278 1138 fuerit.
316 1109 433 1146 Cuique
453 1117 554 1140 notum
578 1118 639 1147 est,
660 1111 738 1147 apud
756 1112 903 1140 Romanos
924 1111 1082 1142 invaluisse
1105 1120 1231 1148 morem,
1253 1118 1285 1142 ut
1307 1122 1323 1142 a
1347 1113 1464 1141 muliere
1485 1111 1532 1140 (los
1555 1109 1693 1140 concede-

177 1165 254 1189 retur
271 1159 352 1197 viro,
382 1162 416 1190 ad
437 1163 604 1192 sustinenda
627 1171 710 1192 onera
730 1162 1041 1200 Matrimonii‚-quae‚
1061 1166 1162 1194 soluto
1186 1170 1283 1195 morte·
1302 1163 1506 1199 Matrimonio,
1536 1163 1570 1192 ad
1591 1161 1692 1191 uxoris

176 1210 370 1249 Patremsvel
392 1214 427 1242 ad
449 1214 543 1250 ipsum
564 1214 700 1243 Maritum
727 1215 927 1251 perveniebat,
949 1223 1036 1252 prout
1052 1216 1114 1246 Dos
1140 1223 1215 1245 esset
1236 1216 1413 1254 Profectitia
1433 1222 1483 1244 aut
1505 1214 1691 1243 Advcntitia.

177 1261 277 1292 Stante
300 1264 509 1301 Matrimonii),
539 1267 664 1295 Maritus
696 1267 863 1296 Dominium
895 1267 1015 1296 habebat
1045 1269 1074 1297 in
1102 1277 1157 1297 rem
1183 1268 1334 1302 Doridem,
1365 1273 1484 1302 eamque
1513 1265 1645 1294 amissam
1675 1266 1693 1293 ι’

178 1320 355 1350 quocunque
380 1315 551 1345 Possessore
575 1318 719 1346 vindicare
741 1325 869 1354 poterat,
900 1326 948 1347 aut
978 1320 1001 1347 si
1026 1329 1041 1348 a
1070 1328 1129 1349 non
1153 1319 1279 1349 Domino
1309 1319 1372 1347 Dos
1401 1318 1426 1346 ei
1458 1317 1558 1345 tradita
1580 1315 1691 1351 suerat,

177 1363 371 1393 Publicianam
392 1365 551 1395 instituere.
592 1367 655 1395 Nec
676 1369 759 1395 refert
780 1361 815 1395 an
833 1375 878 1394 res
903 1369 932 1394 in
953 1369 1055 1394 Dotem
1079 1372 1141 1397 data
1165 1371 1204 1398 sit
1222 1372 1397 1403 aestimata,
1420 1375 1468 1404 aut
1491 1368 1691 1394 inaestimata.

181 1414 297 1444 Scilicet
318 1422 430 1452 poterat
449 1417 512 1445 Dos
531 1412 569 1445 ita
594 1417 752 1452 constitui,
779 1423 812 1444 ut
833 1415 931 1444 liceret
954 1414 1061 1444 Marito
1087 1424 1142 1444 rem
1165 1417 1287 1444 dotalem
1312 1422 1489 1450 quocunque
1514 1414 1600 1442 modo
1626 1413 1692 1443 alie-

179 1472 260 1500 nare,
283 1467 390 1502 modo,
414 1469 512 1497 soluto
531 1468 741 1503 Matrimonic),
764 1467 886 1504 pretium
904 1468 1026 1495 redderet
1043 1465 1081 1495 rei
1098 1474 1177 1495 antea
1202 1466 1381 1500 aestimatae,
1403 1472 1430 1493 et
1451 1471 1520 1494 tunc
1544 1460 1698 1494 dicebatur

179 1517 232 1545 dos
250 1517 420 1547 venditionis
438 1527 525 1548 causa
540 1521 701 1556 aestimari3
726 1519 862 1556 quoniam
881 1519 947 1547 hacc
970 1517 1128 1547 venditioni
1151 1517 1253 1545 similis
1279 1517 1346 1545 fuit.
1392 1516 1511 1552 Saepius
1534 1524 1625 1545 autem
1645 1524 1688 1545 res

178 1566 217 1595 ita
236 1568 457 1605 atztimabatur⁷
481 1578 531 1607 ut,
554 1571 578 1600 si
599 1572 675 1601 forte
697 1571 734 1600 rei
760 1570 862 1599 dotalis
884 1569 1007 1606 pretium
1030 1568 1178 1605 periisset,
1201 1575 1249 1597 aut
1266 1568 1438 1597 diminutum
1456 1567 1574 1603 fuisset,
1595 1577 1610 1596 a
1627 1567 1694 1596 Ma-'

178 1617 234 1646 tito
257 1628 315 1648 non
338 1621 462 1656 amplius
488 1623 546 1658 peti
569 1630 687 1659 posset,
710 1631 793 1658 quam
819 1631 862 1650 res
888 1621 949 1657 ipsa
968 1621 1083 1649 valeret.
1134 1620 1209 1649 Haec
1235 1620 1392 1649 aestimatio
1417 1619 1583 1648 Tua-ationis
1606 1628 1691 1648 causa

176 1666 333 1696 dicebatur.
374 1671 427 1700 Rei
447 1673 632 1702 Venditionis
655 1682 740 1702 causa
760 1672 920 1701 aestimatae
945 1672 1069 1700 Maritus
1091 1672 1236 1711 Dominus
1261 1678 1336 1706 crat3
1368 1671 1423 1699 hoc
1446 1680 1478 1699 ex
1503 1679 1530 1698 re
1557 1670 1618 1706 ipsa
1642 1678 1691 1705 pa-

178 1724 228 1746 tet.
275 1720 322 1748 An
343 1727 369 1748 et
394 1720 563 1751 Taxationis
587 1725 695 1752 eausa?
722 1725 878 1753 Dubitatur
938 1723 993 1752 Sed
1016 1726 1112 1752 verius
1136 1730 1226 1759 puto,
1257 1731 1320 1751 eum
1346 1729 1372 1750 et
1394 1723 1492 1750 harum
1517 1727 1606 1748 rerum
1629 1720 1688 1748 Do-

179 1769 287 1798 minum
314 1771 405 1801 fuisse
426 1772 465 1800 L.
485 1782 528 1808 13.
550 1774 578 1808 §.
596 1783 624 1802 2.
642 1774 679 1810 ff.
703 1775 737 1803 dc
753 1775 848 1811 fando
872 1775 974 1802 Dosalt·
1002 1775 1040 1802 L.
1060 1783 1087 1810 7.
1115 1775 1142 1809 ξ.
1167 1783 1193 1810 3.
1216 1774 1253 1810 ff.
1276 1774 1310 1802 de
1333 1773 1414 1809 Jxsre
1436 1772 1566 1800 Donum.
1616 1771 1688 1799 Cae-

180 1826 270 1849 terum
297 1831 396 1858 magna
421 1823 578 1852 differentia
608 1833 665 1853 erat
695 1825 766 1854 inter
791 1826 847 1854 lies
879 1827 988 1854 dotales
1011 1826 1172 1854 aestimatas
1199 1832 1225 1853 et
1258 1825 1460 1853 inaestimatas.
1516 1822 1583 1850 Illae
1612 1821 1685 1850 enim

180 1879 258 1900 erant
281 1874 409 1907 periculo
430 1874 549 1910 Mariti,
580 1876 630 1903 hae
652 1883 742 1904 autem
766 1877 894 1912 periculo
915 1876 1060 1905 Mulieris.
1111 1877 1175 1904 lllae
1196 1876 1230 1904 ab
1257 1886 1289 1904 co
1315 1875 1425 1903 alienari
1452 1879 1604 1910 poterant,
1635 1872 1685 1900 hae

178 1928 238 1949 non
260 1923 345 1958 item,
372 1924 542 1960 prohibente
568 1926 606 1954 L.
630 1926 720 1962 Julia
746 1927 781 1956 dc
803 1927 876 1956 adal
889 1929 968 1956 criif.
1024 1928 1078 1956 Sed
1104 1927 1132 1955 in
1158 1926 1334 1955 instituenda
1358 1924 1521 1953 Publiciana
1547 1924 1625 1952 nulla
1643 1929 1695 1954 est.

179 1971 350 2009 differentia,
379 1976 452 2004 sitne
475 1986 519 2005 res
539 1977 704 2014 aestimata,
732 1979 778 2008 vel
800 1979 987 2009 inaestimata.
1034 1979 1180 2016 Quoniam
1199 1977 1366 2008 Duminium
1392 1984 1481 2012 aeq-ue
1498 1975 1528 2004 in
1554 1974 1686 2003 maritum

1596 2031 1688 2054 trans-
