1960 2500
462 139 1267 181 DissERTATIONUM.·
1570 146 1621 191 47

215 249 229 272 1
243 237 262 269 8
277 249 289 269 ι
302 236 335 269 6.

177 299 214 324 12
238 290 384 334 Augusti.
430 291 614 324 Dissertatio
638 290 681 324 de
707 291 834 325 Calculo
860 293 1008 333 Vesicae,
1035 293 1161 326 defensa
1190 294 1230 327 ab
1262 297 1289 329 A
1300 307 1321 327 u
1332 305 1353 339 g
1362 304 1408 327 us
1417 301 1430 326 t
1442 295 1484 326 in
1493 305 1514 326 o
1537 305 1582 327 va
1594 306 1617 327 n

363 346 393 376 G
403 343 457 375 ils
465 367 474 382 ,
495 343 714 388 Tilburgensi‚
738 358 797 390 pro
809 349 982 378 Doctoratu
996 347 1182 380 Medicinae.

174 396 295 429 Eodem
316 398 376 430 die.
419 398 603 430 Dissertatio
630 397 671 430 de
697 399 899 443 Apoplexia,
929 399 1056 431 defensa
1090 411 1107 430 a
1138 402 1154 430 J
1163 411 1182 431 o
1192 411 1237 432 an
1248 413 1269 433 n
1280 413 1298 433 e
1327 404 1350 433 A
1363 413 1385 433 n
1395 401 1464 433 dre
1475 412 1493 433 a
1525 402 1616 433 Cor-

357 451 464 484 nelis
474 463 489 483 s
497 463 515 483 e
526 463 547 483 n
558 476 567 490 ‚
593 452 737 484 Bredano
747 477 756 492 ‚
779 464 838 496 pro
853 454 1027 484 Doctoratu
1042 451 1225 484 Medicinae.

174 503 293 536 Eodem
315 504 376 536 die.
421 504 607 536 Dissertatio
633 504 674 535 de
691 505 837 537 Diatlzesi
858 506 890 535 in
914 504 1048 543 morbis,
1070 504 1196 536 defensa
1221 517 1239 536 a
1261 509 1354 537 Petr
1365 519 1386 539 ο
1407 511 1452 539 Se
1462 507 1614 551 gisber-

359 562 371 586 t
379 566 399 586 ο
423 558 450 586 D
461 567 478 586 a
488 567 519 586 m
528 580 538 594 ‚
562 567 602 588 ex
625 558 765 589 Zundert
786 557 900 600 majori
913 581 922 596 ‚
944 568 1004 600 pro
1025 559 1199 589 Doctoratu
1218 559 1402 593 Medicinae.

175 606 214 639 13
236 608 384 651 Augusti.
428 611 606 642 Dissertatio
633 609 674 641 de
700 611 1011 643 Haemorrlzoidibus
1019 635 1027 650 ‚
1057 610 1184 642 defensa
1210 612 1249 643 ab
1275 614 1306 644 A
1314 625 1335 643 n
1344 619 1356 643 t
1366 624 1385 644 o
1396 625 1418 644 n
1429 614 1468 645 io
1490 617 1512 644 F
1522 625 1538 645 r
1547 625 1564 646 a
1573 625 1612 646 n-

358 672 375 692 c
385 661 395 691 i
405 672 419 692 s
428 673 446 692 c
455 673 475 693 0
498 664 526 692 D
536 674 554 693 e
562 674 579 694 c
588 674 608 694 o
618 675 640 694 u
651 675 666 695 r
677 671 689 695 t
697 675 713 694 r
721 675 738 694 a
747 676 768 707 y
781 689 789 703 ‚
812 664 1009 695 Tornacensi
1019 687 1028 701 ‚
1053 675 1112 706 pro
1130 666 1303 695 Doctoratu
1317 665 1500 698 Medicinae.

173 712 292 744 Eodem
315 713 377 747 die.
422 716 609 748 Dissertatio
633 716 674 748 de
701 717 906 760 Plzlegmasiis
927 718 962 749 in
986 728 1101 759 genere
1119 742 1127 755 ,
1167 717 1292 749 defensa
1332 717 1371 749 ab
1407 721 1435 750 A
1445 730 1467 750 n
1476 730 1490 750 s
1500 719 1537 750 el
1546 729 1579 750 m
1590 728 1610 751 o

357 770 386 798 D
395 779 412 799 e
423 779 466 799 co
476 780 495 799 u
504 780 520 799 r
532 776 565 800 tr
574 782 591 801 a
601 782 622 813 y
631 793 642 808 ‚
666 771 858 801 Tornacensi
868 795 877 808 ,
903 781 962 813 pro
977 771 1152 800 Doctoratu
1166 771 1354 802 Medicinae.

176 821 214 858 14
237 821 384 863 Augusti,
428 822 617 854 Dissertatio
653 822 694 853 de
730 821 905 854 Pleuritide
915 847 924 860 ,
960 822 1087 854 defensa
1123 822 1163 853 ab
1200 823 1230 853 H
1241 834 1258 853 e
1267 834 1287 853 n
1298 834 1312 853 r
1324 824 1359 854 ic
1368 835 1388 855 o
1419 824 1445 854 C
1454 834 1473 854 ο
1481 835 1497 854 r
1505 823 1567 855 nel
1576 824 1586 854 i
1595 833 1616 854 0

355 885 376 906 v
385 884 402 904 a
409 885 431 905 n
454 876 488 905 M
496 886 537 905 ee
545 886 561 905 r
569 874 590 904 b
597 886 613 905 e
621 885 637 905 e
647 874 668 905 k
677 898 687 912 ‚
710 875 906 911 Bruxellensi
913 900 922 914 ,
945 887 1004 919 pro
1023 878 1196 907 Doctoralu
1216 875 1403 909 Medicinae.

167 926 287 958 Eodem
309 926 372 958 die.
419 927 599 958 Dissertatio
634 927 675 957 de
712 927 922 960 Peritonitide
936 952 945 967 ‚
989 927 1116 959 defensa
1155 938 1171 957 a
1206 927 1286 957 Mic
1294 927 1315 957 h
1324 938 1340 957 a
1351 931 1367 958 ἒ
1378 928 1412 959 le
1441 930 1469 959 N
1480 929 1540 960 ico
1548 928 1559 959 l
1568 939 1585 959 a
1595 938 1616 959 o

355 982 379 1011 F
388 991 405 1011 e
415 991 431 1010 r
441 979 483 1010 di
494 991 516 1010 n
526 990 542 1010 a
553 991 575 1010 n
586 979 607 1010 d
617 992 636 1011 o
661 982 685 1012 C
695 991 715 1011 ο
726 980 736 1011 l
747 992 762 1011 s
772 992 792 1010 o
800 992 823 1011 n
832 1004 842 1018 ,
867 980 1035 1011 Leodiensi
1045 1004 1053 1018 ‚
1076 991 1135 1022 pro
1154 981 1328 1011 Doctoratu
1343 982 1528 1012 Medicinae.

173 1042 213 1074 19
237 1033 384 1073 Augusti.
430 1033 618 1065 Dissertatio
645 1032 686 1064 de
716 1033 840 1064 Phthisi
866 1032 1053 1074 pulmonali
1066 1056 1075 1072 ‚
1117 1032 1245 1064 defensa
1274 1044 1291 1064 a
1325 1035 1359 1064 M
1368 1044 1384 1064 a
1394 1045 1411 1063 x
1423 1034 1472 1064 im
1481 1035 1490 1063 i
1500 1033 1510 1064 1
1521 1035 1555 1064 ia
1564 1044 1614 1067 no

359 1097 404 1116 va
413 1097 434 1116 n
457 1085 477 1116 d
487 1097 504 1116 e
515 1097 531 1115 r
553 1086 581 1115 P
593 1085 603 1115 l
615 1096 632 1115 a
640 1095 656 1115 s
664 1109 672 1122 ‚
691 1096 730 1115 ex
739 1085 966 1128 Destelberghe
979 1102 987 1109 ·
996 1086 1138 1117 Flaudro
1149 1109 1157 1123 ‚
1179 1095 1238 1127 pro
1248 1087 1422 1116 Doctoratu
1429 1085 1614 1118 Medicinae.

171 1144 209 1168 21
238 1138 385 1182 Augusti.
432 1137 621 1169 Dissertatio
636 1136 677 1167 de
694 1138 887 1179 Operatione
904 1137 1051 1169 Herniae
1069 1137 1256 1180 inguinalis,
1279 1137 1406 1169 defensa
1418 1149 1448 1169 ra
1473 1141 1488 1169 J
1497 1139 1618 1170 ohan-

358 1202 380 1222 n
390 1201 408 1221 e
430 1192 455 1222 C
465 1201 482 1221 a
492 1201 535 1233 sp
545 1201 615 1221 aro
636 1192 665 1220 H
673 1200 691 1220 a
700 1201 717 1220 z
726 1201 744 1221 e
754 1200 786 1220 m
794 1200 812 1220 a
822 1201 844 1221 n
858 1213 871 1232 ,
893 1189 1081 1221 Schiedamo
1092 1192 1240 1230 -Batavo‚
1263 1201 1323 1233 pro
1351 1191 1525 1222 Doctoratu
1552 1193 1619 1233 Me-¹

357 1243 492 1276 dicinae.
1471 1240 1474 1243 ’

170 1309 217 1343 29
240 1297 387 1340 Augusti.
433 1298 622 1330 Dissertatio
641 1294 682 1327 de
699 1294 853 1326 Catarrlzo
864 1318 874 1334 ,
896 1294 1023 1327 defensa
1046 1307 1064 1327 a
1085 1298 1101 1327 J
1112 1307 1128 1327 a
1138 1307 1155 1328 c
1164 1308 1184 1328 o
1193 1295 1215 1328 b
1224 1307 1244 1328 o
1266 1307 1312 1329 va
1321 1308 1344 1328 n
1366 1295 1412 1328 de
1421 1308 1438 1328 r
1460 1299 1481 1328 S
1491 1303 1502 1328 t
1511 1307 1553 1329 ra
1564 1295 1616 1335 al,

352 1361 391 1382 ex
415 1357 511 1394 portu
531 1349 731 1393 Delphorum
741 1373 749 1387 ‚
771 1360 831 1392 pro
851 1351 1026 1381 Doctoratu
1045 1350 1232 1383 Medicinae.

175 1404 218 1437 30
241 1404 392 1447 Augusti.
435 1404 625 1436 Dissertatio
640 1401 681 1433 de
705 1401 860 1445 Hydrope
878 1402 913 1433 in
930 1413 1047 1445 genere
1065 1409 1096 1434 et
1113 1404 1276 1446 speciatim
1294 1402 1336 1434 de
1352 1404 1521 1435 Atzczsarca
1541 1401 1621 1434 acti·

359 1469 423 1496 va,
460 1464 638 1500 acutaque‚
671 1455 799 1488 defensa
831 1467 849 1487 a
884 1455 959 1487 Ful
971 1467 1048 1500 gen
1061 1463 1072 1487 t
1084 1457 1122 1488 io
1160 1458 1182 1486 F
1193 1456 1321 1495 ievet,
1352 1467 1391 1487 ex
1414 1456 1534 1497 Givry,
1556 1465 1617 1497 pro

359 1511 533 1540 Doctoratu
553 1508 745 1541 Medicinae.

195 1575 214 1595 2
239 1563 441 1606 Septembris.
488 1561 676 1593 Dissertatio
706 1561 747 1592 de
775 1560 952 1594 Pleuritide
964 1583 973 1598 ‚
1009 1559 1137 1592 defensa
1169 1560 1208 1592 ab
1245 1562 1276 1593 A
1287 1573 1363 1605 ugu
1371 1571 1385 1592 s
1393 1561 1452 1591 tin
1462 1569 1483 1590 ο
1516 1560 1542 1589 Τ
1551 1558 1573 1589 h
1584 1569 1620 1589 0-

365 1625 424 1646 ma
447 1614 519 1645 Blo
530 1626 551 1644 n
561 1613 607 1644 de
617 1624 665 1645 au
677 1639 686 1653 ,
707 1626 746 1645 ex
770 1615 884 1646 Villers
904 1617 946 1645 St.
967 1613 1113 1645 Ghislaiu
1124 1637 1134 1647 ,
1159 1624 1218 1656 pro
1235 1616 1408 1645 Doctoratu
1425 1611 1614 1644 Medicinae.

196 1668 316 1699 Eodem
338 1667 399 1699 die.
444 1667 633 1699 Dissertatio
651 1666 692 1698 de
701 1669 807 1699 Acuto
822 1667 1071 1712 Hydrocephalo
1086 1690 1094 1706 ‚
1124 1666 1252 1697 defensa
1275 1677 1292 1697 a
1316 1668 1441 1696 Frane
1451 1666 1461 1695 i
1471 1675 1537 1696 sco
1560 1666 1576 1695 J
1582 1675 1618 1695 0-

360 1730 376 1751 s
385 1732 430 1764 ep
439 1720 462 1751 h
471 1732 490 1751 0
512 1722 562 1751 Le
572 1730 586 1750 s
597 1730 611 1750 s
623 1720 633 1750 i
644 1731 666 1750 n
675 1731 696 1750 n
704 1731 722 1751 e
735 1731 763 1758 s,
786 1719 966 1751 Binchiensi
978 1743 988 1759 ‚
1014 1731 1072 1763 pro
1096 1722 1270 1751 Doctoratu
1288 1719 1479 1751 Medicinae.

197 1776 219 1813 4
241 1773 443 1818 Septembris.
487 1773 675 1805 Dissertatio
710 1771 751 1803 de
783 1771 973 1816 Hepatitide
981 1796 992 1810 ‚
1024 1771 1152 1804 defensa
1181 1783 1199 1803 a
1227 1772 1243 1802 J
1250 1784 1268 1804 o
1276 1783 1293 1804 a
1300 1783 1322 1803 n
1330 1783 1352 1802 n
1361 1782 1378 1803 e
1410 1772 1436 1802 C
1444 1781 1463 1802 o
1473 1780 1489 1801 r
1498 1781 1520 1801 n
1528 1768 1616 1801 elio

361 1829 384 1857 F
392 1837 409 1857 a
418 1828 499 1864 θέε,
522 1824 682 1864 Βτεᾶειηο,
705 1836 764 1868 pro
778 1827 952 1857 Doctoratu
970 1825 1162 1858 Medicinae.

199 1889 222 1922 9
243 1879 445 1923 Septembris.
493 1878 675 1910 Dissertatio
701 1877 742 1909 de
770 1879 960 1922 Apoplexia
971 1902 980 1917 ,
1012 1877 1141 1912 defensa
1169 1889 1188 1910 a
1216 1878 1233 1910 J
1241 1888 1261 1909 ο
1271 1887 1288 1909 a
1297 1888 1319 1910 n
1330 1889 1376 1910 ne
1399 1879 1457 1909 Kn
1466 1887 1483 1907 a
1492 1885 1510 1907 e
1518 1885 1568 1919 pe
1577 1884 1619 1914 ῐι,Δ

369 1932 556 1964 Herentensi
565 1955 573 1971 ,
595 1924 655 1974 pro
672 1933 845 1964 Doctoratu
866 1931 1051 1965 Medicinae.

907 1987 935 2016 G
960 1996 979 2018 2
1490 1991 1529 2012 ιο
1550 1981 1628 2022 Sep·
