1960 2500
668 174 1136 220 ΟΙὶΑΤΙΟ.1
1618 187 1661 227 51

124 306 159 337 et
185 298 310 347 flagae
335 290 521 330 Comitum
555 291 630 323 tam
664 282 790 319 dextre
818 285 852 314 et
881 276 1024 313 omnino
1056 285 1130 314 tam
1163 280 1276 328 perite
1303 294 1499 321 causarum
1531 293 1658 334 patro-

123 375 211 400 num
243 359 337 409 egit,
366 364 407 392 ut
432 362 601 401 magnam
628 343 784 382 nominis
814 340 951 377 famam
977 352 1273 391 consequeretur.

115 430 119 434 ”
143 421 145 423 ’
171 424 233 461 Sic
260 423 395 458 factum
422 424 499 462 est,
529 421 569 449 ut
601 418 634 446 et
658 405 880 445 celsissimo
913 403 1076 453 Principi
1103 405 1336 453 mausiaco,
1365 420 1652 449 GUILIELMO

121 496 332 531 QU1NT0,
369 488 403 518 et
433 480 504 524 iis,
533 474 598 525 qui
630 484 689 508 res
715 466 936 506 Academiae
963 467 1154 527 Groninga
1178 468 1419 516 Omlandicae
1450 472 1652 521 curabant,

120 550 165 586 de
191 547 338 584 meliore
359 551 441 579 nota
467 542 727 580 innotesceret,
758 540 892 580 atque,
921 542 1014 566 anno
1043 530 1119 579 jam
1146 531 1340 567 millesimo
1375 535 1650 584 septingentesi-

116 625 177 649 mo
207 607 432 658 sexagesimo
467 600 655 646 secundo,
690 595 852 632 nondum
897 594 1028 643 viginti
1071 602 1233 642 quatuor
1269 607 1383 630 annos
1421 604 1518 632 nato*
1546 598 1651 635 locus

114 672 209 709 inter
240 670 473 708 Professores
501 664 604 701 Juris
633 663 670 697 in
699 660 766 696 illa
798 657 997 693 Academia
1026 656 1197 704 daretur;
1233 670 1341 706 quem
1370 670 1480 706 supra
1515 669 1650 707 septem

115 747 229 771 annos
266 745 406 770 summa
440 728 510 764 fide
544 734 576 762 et
618 725 655 760 in
696 723 774 759 dies
807 729 988 758 crescente
1025 721 1172 756 scholae
1203 720 1413 756 celebritate
1449 722 1646 769 sustinuit,

114 798 226 835 donec
251 797 289 832 in
316 795 408 832 hanc
436 788 670 829 Academiam
700 792 918 830 vocaretur,
948 784 1007 819 cui
1037 783 1119 818 inde
1149 797 1168 818 a
1191 783 1249 818 die
1276 782 1488 818 duodecimo
1514 784 1650 821 mensis

111 860 237 899 Martii
272 858 358 894 anni
385 852 573 890 millesimi
608 846 914 898 septingentesimi
943 845 1223 895 septuagesimi,
1252 848 1435 893 primum,
1465 858 1509 881 ex
1530 845 1645 881 Prae-

113 916 318 971 ceptbribus
345 917 463 953 adbuc
499 916 644 951 vivente
678 920 936 954 RUGKERo,
975 909 1033 945 cui
1073 920 1262 945 successor
1299 908 1408 943 datus
1437 916 1512 954 est,
1549 908 1650 956 ejus-

111 985 266 1034 demque
293 981 413 1030 operis
443 977 549 1013 sociis
575 983 827 1011 Pms'rELto
855 979 889 1006 et
917 982 1143 1017 VOQRDA,
1170 970 1494 1019 praestantissimis
1518 968 1642 1016 Viris,

111 1047 240 1084 deinde
269 1046 376 1081 etiam
407 1054 489 1078 eum
517 1034 834 1075 excellentissimis
871 1033 1087 1081 disciplinae
1131 1042 1220 1068 suae
1247 1033 1430 1078 alumnis,
1466 1033 1531 1081 qui
1553 1032 1645 1068 hanc

110 1097 234 1149 adhuc
258 1108 449 1144 Musarum
479 1094 599 1139 sedem
629 1099 822 1147 insigniter
848 1104 1001 1142 ornant,
1030 1104 1131 1131 tanta
1159 1108 1249 1131 cura
1276 1103 1310 1130 et
1331 1095 1544 1131 meritorum
1565 1107 1646 1131 ma-¹

106 1170 295 1223 gnitudine
320 1166 513 1212 inserviit,
542 1171 584 1200 ut
610 1159 815 1198 immortale
842 1158 924 1207 ejus
954 1158 1138 1194 redditum
1170 1159 1218 1194 sit
1247 1170 1389 1203 nomen.
1517 1145 1521 1148 i

100 1253 104 1254 ⁷
155 1235 256 1282 Quis
283 1233 378 1270 enim
410 1245 454 1268 ex
476 1226 834 1267 Jurisconsultorum
869 1222 997 1259 ordine
1016 1220 1095 1257 ‚hoc
1121 1220 1226 1266 viro,
1255 1229 1319 1256 aut
1346 1218 1555 1256 auditorum
1574 1231 1645 1255 nu-

106 1311 207 1339 mero
232 1305 266 1333 et
293 1285 557 1343 discipulorum
583 1290 806 1340 praestantia
831 1290 1030 1336 celebrior,
1061 1296 1146 1334 aut,
1172 1288 1210 1323 in
1237 1287 1375 1323 scholis
1403 1299 1468 1335 per
1497 1294 1549 1322 tot
1577 1298 1643 1321 an-x·

107 1360 174 1399 nos
204 1358 383 1396 habendis
402 1385 414 1403 ‚
449 1354 672 1403 disciplinae
702 1352 867 1390 ubertate
904 1352 1092 1401 studiique
1131 1350 1347 1386 assiduitate
1384 1357 1418 1384 et
1453 1347 1643 1398 diligentia

105 1424 224 1474 magis
244 1419 478 1464 laudandus,
509 1416 676 1453 exstitit?
722 1416 917 1464 Quotquot
934 1428 972 1451 m
990 1415 1047 1450 his
1081 1402 1296 1462 regionibus
1325 1412 1479 1448 caeteris
1509 1410 1643 1446 clario·-

105 1500 165 1525 res
192 1493 300 1529 sunt,
329 1495 412 1517 cum
432 1482 469 1516 in
488 1479 696 1515 Academiis
730 1479 826 1526 juris
854 1477 975 1513 civilis
1003 1477 1192 1522 doctores,
1229 1484 1307 1511 tum
1334 1475 1372 1511 in
1400 1475 1482 1511 foro
1511 1484 1643 1508 causa·-

104 1561 186 1586 rum
214 1545 387 1596 patroni,
424 1551 503 1579 tum
540 1543 648 1577 etiam
684 1542 721 1576 in
750 1537 899 1588 judiciis
937 1542 1091 1576 summis
1128 1538 1353 1586 caeterisque
1389 1534 1642 1572 tribunalibus

105 1610 181 1660 juri
214 1607 366 1645 dicendo
392 1605 589 1654 praefecti,
626 1605 824 1641 maximam
858 1615 999 1654 partem
1038 1615 1101 1642 aut
1139 1619 1183 1642 ex
1219 1614 1489 1640 KEESSELII
1522 1600 1641 1637 nostri

105 1672 230 1709 schola
264 1669 503 1720 prodierunt,
543 1676 606 1704 aut
645 1669 791 1705 aliunde
819 1670 1005 1719 progressi
1033 1669 1079 1705 ad
1114 1668 1195 1716 ejus
1228 1666 1460 1714 disciplinam
1501 1676 1538 1698 se
1576 1675 1640 1697 ao-

104 1734 386 1773 commodarunt.
447 1732 490 1767 ln
523 1731 902 1779 splendidissimorum
936 1733 1099 1770 virorum
1136 1731 1285 1775 ordine,
1323 1728 1388 1777 qui
1415 1727 1495 1776 ipso
1521 1726 1637 1763 Prae-

48 1817 54 1821 ·
104 1805 245 1846 ceptore
276 1797 336 1832 usi
372 1803 480 1844 sum,
516 1796 594 1843 ipse
633 1797 710 1831 Rex
747 1793 868 1832 nos't'er
909 1795 1155 1844 principatum
1190 1800 1304 1837 tenet,
1342 1791 1407 1840 qui
1444 1801 1559 1838 quum
1597 1788 1636 1823 in

104 1859 174 1896 hac
195 1858 444 1898 Universitate
469 1858 602 1894 studiis
625 1871 771 1907 operam
793 1858 927 1905 dabat,
956 1860 1059 1895 Juris
1080 1857 1238 1902 Civilis,
1269 1853 1483 1891 Criminalis
1507 1860 1540 1887 et
1554 1850 1633 1886 Ho‘

108 1922 222 1958 dierni
254 1922 457 1970 principia,
494 1930 527 1957 et
558 1921 676 1970 legum
704 1922 748 1958 de
777 1923 794 1959 J
804 1935 867 1958 ure
897 1922 1047 1958 Privato
1077 1919 1311 1956 serendarum
1345 1922 1536 1965 praecepta
1566 1921 1630 1947 ex·

109 1983 299 2034 plicantem
328 1983 487 2033 quotidie
518 1983 680 2028 audivit,
719 1998 875 2034 eumque
902 1993 1028 2033 postea
1056 1995 1203 2033 quoque
1227 1970 1351 2029 magni
1378 1978 1486 2024 fecit,
1514 1983 1548 2012 et
1573 1974 1632 2010 in-

112 2044 232 2084 stituti
256 2057 372 2094 nuper
403 2044 558 2083 Ordinis
589 2044 724 2083 Leonis
750 2046 891 2097 Belgici
923 2044 1109 2098 equitibus
1135 2042 1342 2091 adscripsit.

1554 2095 1633 2135 Nec
