1960 2500
299 212 817 249 COMMENTATIO
875 212 1346 248 THEOLOGICA'.
1536 213 1578 249 35

102 304 149 335 Ne
177 303 243 341 quis
268 309 362 332 autem
386 309 553 339 propterea,
581 302 661 338 qu'od
688 307 847 338 conspecto
870 302 963 338 legato
987 301 1087 331 divino
1115 303 1197 332 valde
1224 303 1375 333 exterritus
1403 303 1479 339 fuit,
1505 311 1572 334 eum

65 366 120 397 pro
147 355 262 385 homine
285 354 389 391 pavido
417 363 448 383 ac
474 353 577 390 pusilli
604 352 690 382 animi
718 353 840 388 habeat,
866 352 990 389 primum
1015 353 1294 385 animadvertendum
1323 361 1384 391 est,
1412 355 1483 384 idem
1507 356 1571 385 aliis

60 407 217 443 olimyiris
235 415 300 436 vere
315 407 426 443 magnis
444 405 599 440 accidisse,
620 405 718 433 deinde
735 405 794 442 ejus
809 411 898 434 aetate
916 413 975 434 non
992 411 1048 433 tam
1064 405 1244 442 frequentes,
1268 415 1351 442 quam
1367 406 1435 434 olim
1446 428 1455 442 ,
1476 407 1574 444 Ange-

62 462 159 489 {orum
181 458 274 488 fuisse
296 458 434 487 visiones.
475 457 508 485 In
528 456 612 485 initio
635 465 698 485 eum
720 465 839 493 prorsus
861 457 963 492 latuit,
986 457 1080 493 qualis
1104 457 1128 485 is
1150 464 1226 487 esset
1246 458 1372 494 legatus,
1394 466 1486 493 neque
1502 466 1572 488 con-

62 510 194 549 Jectando
215 509 331 545 assequi
351 509 463 546 potuit,
485 516 569 545 quem
590 508 727 536 allaturus
748 515 822 537 esset
842 509 988 537 nuntium.
1030 509 1157 546 Legatus
1179 508 1295 538 divinus
1320 517 1382 537 eum
1410 509 1511 538 merito
1532 518 1573 538 re-

63 561 228 599 prehendit,
254 561 334 596 quod
348 560 486 589 divinitus
503 559 594 588 factae
609 560 798 596 praedictioni
814 560 895 589 fidem
914 561 1071 597 denegaret.
1103 560 1205 589 Nolim
1226 566 1319 589 tamen
1334 561 1406 588 hanc
1426 559 1578 590 imbecilli-

66 618 152 641 tatem
178 611 236 648 ipsi
255 612 345 648 magis
364 612 436 641 vitio
455 611 547 647 verti.⁷
571 619 656 647 quam
676 611 856 648 Abrahamo,
879 613 962 649 cujus
979 620 1062 640 nemo
1083 620 1142 641 non
1171 611 1257 640 animi
1278 611 1502 648 magnitudinem
1525 612 1576 641 mi-

64 670 154 692 retur.
202 663 242 692 Et
268 663 417 692 Zacharias
444 663 576 699 quidem,
599 664 654 692 hoc
675 664 740 700 ipso
764 670 910 700 tempore,
936 671 1025 699 aeque
1047 672 1078 691 ac
1101 663 1283 692 Abrahamus
1307 662 1336 691 in
1357 663 1444 691 simili
1475 672 1577 699 causa,

63 723 130 750 quo
158 721 233 744 esset
259 715 345 744 animi
367 715 488 744 candore
511 715 694 744 manifestum
717 715 805 750 fecit,
830 722 858 744 et
880 721 982 751 postea
1002 721 1070 744 nato
1095 714 1156 743 filio
1181 715 1216 743 de
1237 714 1354 743 caeteris
1372 723 1387 742 a
1406 714 1469 743 Deo
1494 713 1580 743 factis

64 766 310 803 promissionibus
324 766 444 802 ⁴nullum
467 766 492 794 ei
515 767 661 803 superfuit
680 767 811 795 dubium.

111 817 144 846 In
169 826 285 847 munere
307 818 486 855 peragendo,
510 818 578 847 licet
597 825 685 847 aetate
705 824 883 855 provectus,
904 819 1042 854 alacrem,
1069 818 1104 846 ad
1128 825 1171 845 res
1195 817 1315 854 agendas
1343 823 1511 854 promptum
1532 826 1583 855 pa-

64 877 218 907 ratumque
237 878 271 900 se
290 870 444 908 praestitit.

68 939 70 942 -
105 922 200 951 Patria
218 921 274 958 ipsi
300 923 383 951 valde
402 931 465 951 cara
485 921 558 959 fuit,
581 928 754 959 quapropter
770 921 926 950 Abrahami
943 927 1077 958 posteros
1101 929 1116 949 a
1136 919 1275 948 Romanis
1296 919 1324 948 in
1346 920 1510 949 servitutem
1526 929 1580 950 re·-

71 974 171 1004 dactos
193 974 346 1002 admodum
365 974 500 1011 lugebat,
522 981 550 1002 et
565 974 726 1003 vehementi
746 973 875 1009 inprimis
898 973 996 1002 dolore
1016 972 1206 1008 afficiebatur,
1238 971 1317 1007 quod
1335 980 1350 1000 a
1365 973 1502 1009 majorum
1519 981 1579 1001 mo-

65 1025 151 1054 ribus
176 1031 203 1053 et
227 1025 371 1060 probitate
395 1026 480 1062 longe
508 1026 693 1054 desciverant.
743 1024 804 1053 Eos
828 1032 911 1059 vero,
941 1016 991 1060 qui
1015 1030 1118 1060 magno
1142 1031 1209 1052 suae
1238 1023 1315 1060 genti
1336 1024 1529 1052 emolumento
1549 1032 1583 1052 ac

62 1075 169 1104 ·dec0ri
191 1074 325 1112 fuerant,
347 1076 462 1105 maximi
488 1076 630 1112 faciebat,
660 1077 694 1105 de
713 1084 746 1105 eo
769 1084 950 1112 summopere
973 1076 1098 1112 gaudens
1125 1081 1212 1110 atque
1233 1076 1401 1110 exsultans,
1424 1076 1503 1110 quod
1525 1073 1584 1103 sibi

73 1132 142 1156 nato
162 1127 218 1163 Jam
243 1126 305 1155 filio
335 1127 390 1156 hoc
413 1128 609 1156 demandatum
637 1133 711 1156 esset
735 1127 880 1162 officium,
909 1132 943 1155 ut
964 1127 1117 1163 populares
1142 1134 1213 1154 suos
1240 1126 1275 1154 ad
1298 1126 1430 1162 pietatem
1458 1135 1490 1154 ac
1513 1134 1583 1162 pru-

66 1177 197 1206 dentiam
221 1178 360 1214 maJ'orum
386 1185 549 1215 revocaret,
579 1178 675 1215 iisque
702 1178 905 1214 emendandis,
930 1184 958 1206 et
981 1178 1017 1206 ad
1042 1176 1170 1206 Messiae
1189 1178 1342 1206 adventum
1365 1177 1587 1214 praeparandis,

63 1236 139 1257 tum
159 1228 281 1258 maxime
301 1229 461 1259 inserviret.

109 1279 222 1310 Probus
244 1288 306 1310 esse
330 1290 415 1317 quam
436 1281 526 1310 videri
546 1281 664 1318 maluit,
691 1289 778 1311 secus
798 1290 830 1311 ac
851 1279 1069 1310 Pharisaeorum
1094 1286 1188 1308 mores
1210 1279 1267 1308 isto
1291 1284 1420 1316 tempore
1439 1279 1587 1314 ferebant,

63 1333 89 1360 'a
112 1339 237 1367 quorum
257 1332 409 1362 ambitiosa
430 1333 575 1362 simultate
588 1339 615 1362 et
633 1333 741 1362 virtute
756 1332 854 1362 fucata
873 1331 1065 1362 alienissimus
1084 1331 1159 1367 fuit;
1183 1339 1247 1359 cum
1263 1329 1453 1365 Nathanaele‚
1472 1337 1505 1358 ut
1522 1329 1586 1359 aliis

60 1382 226 1419 'part-Ibus,
253 1383 295 1412 ita
316 1389 344 1412 et
367 1384 505 1414 hactenus
534 1385 762 1421 comparandus,
791 1384 871 1421 quod
899 1384 923 1412 ei
954 1391 1073 1419 quoque
1093 1390 1212 1419 prorsus
1244 1381 1410 1412 conveniret
1440 1378 1587 1415 etogium,

78 1438 142 1467 quo
160 1434 245 1468 Jesus
265 1434 344 1464 hunc
366 1436 494 1466 ornavit:
515 1435 555 1468 ἴδε
575 1438 680 1471 ἀληθῶς
700 1436 890 1474 Ἰσραηλίτης,
910 1436 937 1465 ἐν
957 1434 976 1472 ᾦ
997 1435 1070 1468 δόλος
1089 1436 1136 1466 οὐκ
1155 1435 1207 1466 ἔςι.

777 1526 806 1561 g.
850 1532 895 1553 10.

766 1611 925 1642 Doctrina.

121 1685 288 1715 Docti-inam
309 1694 325 1714 a
345 1686 502 1724 majoribus
530 1695 674 1725 acceptam
698 1696 763 1718 eum
785 1689 931 1723 tenuisse,
961 1687 1127 1717 universum
1153 1687 1241 1725 hujus
1268 1685 1368 1723 hymni
1397 1691 1592 1723 argumentum

83 1737 214 1766 declarat.
262 1736 407 1766 Nimirum
429 1739 587 1768 doctrinam
612 1741 646 1769 de
672 1749 731 1769 uno
758 1741 820 1769 Deo
848 1740 967 1776 Optimo
990 1740 1138 1775 Maximo,
1168 1740 1325 1775 eodemque
1348 1738 1440 1774 gentis
1463 1737 1596 1774 Judaicae

85 1787 293 1825 benignissimo
315 1787 446 1824 fautore,
464 1796 492 1817 ct
511 1789 649 1827 singulari
671 1800 774 1821 causae
791 1792 920 1828 ipsorum
938 1791 1070 1827 vindice,
1091 1799 1143 1820 nec
1165 1799 1224 1820 non
1243 1791 1276 1819 de
1295 1788 1446 1826 promissis
1464 1788 1532 1817 huic
1549 1796 1596 1818 so-

86 1840 146 1868 lum
169 1839 246 1876 genti
269 1839 303 1868 ab
329 1840 538 1876 antiquissimis
560 1843 740 1878 temporibus
766 1843 906 1872 divinitus
928 1843 1034 1879 factis,
1060 1842 1162 1872 diserte
1183 1842 1344 1880 profitetur.

124 1891 170 1920 De
189 1891 236 1920 illa
256 1891 418 1928 pracsertim
440 1893 590 1930 doctrina,
610 1894 644 1922 ad
669 1904 757 1933 quam?
776 1895 963 1932 praecipuum
985 1895 1072 1932 hujus
1091 1895 1226 1923 carminis
1249 1898 1447 1930 argumentum
1470 1897 1596 1929 spectat,

90 1951 121 1974 ea
140 1942 266 1978 scilicet,
291 1952 361 1979 quae
384 1945 418 1972 ad
435 1943 573 1973 Messiam
594 1946 734 1982 pertinet,
756 1948 844 1984 paulo
863 1946 1031 1976 distinctius
1057 1946 1207 1975 dicendum
1232 1952 1382 1981 putamus.

129 1993 264 2023 Diversas
286 2002 404 2032 eorum,
426 1996 476 2033 qui
499 2002 599 2028 nostra
627 1997 758 2035 inprimis
788 2005 876 2027 aetate
897 1999 927 2027 in
946 1995 1053 2026 Vatum
1080 1995 1264 2026 antiquorum
1286 1993 1320 2018 de
1347 1987 1456 2018 Messi&
1479 1989 1600 2027 ejusque

850 2049 874 2070 E
897 2056 914 2068 «ι
1513 2048 1602 2078 regno
