1960 2500
332 147 375 182 ¹28
572 146 610 181 A'.
672 146 710 179 L.
775 155 886 178 var<
955 154 1062 176 nnn
1126 145 1302 178 BOON
1366 146 1606 186 ΜΕΕΕΖΗ,Ἰ

332 244 394 264 rum
417 241 482 263 cum
505 233 586 263 Poe'si
607 233 783 262 vaticinandi
810 233 932 261 facultas
954 233 1023 261 adeo
1050 231 1206 268 conjuncta
1228 239 1306 268 crat,
1332 239 1364 260 ut
1384 233 1505 262 Hebraei
1526 243 1573 263 eas
1594 240 1622 262 et
1643 239 1743 263 natura
1773 235 1846 264 inter

328 295 362 316 se
383 286 518 314 finitimas
541 284 762 319 arbitrarentur,
791 290 818 311 et
845 283 930 312 unius
959 281 1095 311 vocabuli
1114 284 1318 312 communione
1339 292 1557 321 connecterent3
1587 285 1668 314 conf.
1690 286 1847 322 Lemma,

328 337 364 366 dc
383 338 477 366 Sacra
494 336 576 364 Poiisi
603 335 822 370 Hebraeorum,
844 333 1037 362 praelectione
1053 332 1160 363 XVIII.
1183 336 1249 372 pag.
1270 337 1335 372 346.
1359 345 1442 371 seqq.

370 388 483 416 Multae
504 387 621 423 phrases
643 394 676 414 ex
705 385 786 414 libris
808 386 847 413 V.
866 385 904 413 T.
927 386 1064 425 poeticis,
1093 386 1219 424 Jesaia,
1240 389 1397 417 Malachla
1421 396 1449 417 et
1469 389 1615 425 Psalmis,
1640 397 1708 419 sunt
1731 391 1846 419 desum-

327 446 382 469 tae.
423 439 537 468 poetica
561 445 605 467 est
629 438 831 466 sententiarum
852 438 1057 468 conformatio.
1106 440 1260 470 Zacharias
1286 441 1332 469 hic
1354 448 1382 469 et
1411 440 1489 476 illic,
1514 448 1553 468 ut
1580 449 1686 470 comm.
1709 443 1765 478 69,
1788 444 1845 478 76,
1892 440 1898 445 ”

329 495 388 529 78,
413 500 460 529 79.
483 491 610 520 dictione
630 491 749 527 figurata
773 497 799 518 et
822 490 995 526 imaginibus
1018 490 1139 527 poeticis
1164 500 1236 521 usus
1259 498 1314 521 est.
1362 492 1481 528 Tropus
1503 500 1608 520 comm.
1628 494 1661 527 78
1691 493 1847 522 inchoatus

326 544 444 574 Po'e'tico
462 545 545 580 plane
559 545 655 572 colore
676 543 705 571 in
723 543 853 578 sequenti
871 550 1010 571 commate
1022 544 1218 574 continuatur.
1257 544 1280 572 F
1284 550 1364 572 utura
1378 544 1577 579 exprimuntur
1599 544 1737 580 temporis
1763 552 1845 580 prae·

326 597 404 625 ‘ceriti
421 595 531 631 forma,
547 604 578 624 ac
595 596 620 624 si
630 597 687 633 jam
705 595 884 630 evenissent;
901 603 973 630 quae
984 595 1154 631 *anticipatio
1165 616 1174 630 ‚
1188 601 1220 623 ut
1235 594 1359 631 dicitur,
1378 595 1408 623 in
1425 594 1598 623 carminibus
1616 595 1742 631 passim,
1764 603 1844 631 prae-

327 648 428 678 sertim
447 647 644 684 propheticis,
675 648 770 676 locum
792 645 915 674 obtinet.
964 646 1159 675 Animadverti
1185 653 1324 682 praeterea
1347 647 1430 675 debet
1451 646 1606 682 aequalitas
1629 647 1843 682 membrorum,

326 699 565 734 Parallelismus,
594 707 778 735 personarum
808 697 950 732 mutatio,
980 704 1008 726 et
1027 697 1161 726 universa
1192 697 1393 726 sententiarum
1422 698 1559 734 frequens
1592 698 1751 726 exornatio.
1802 697 1846 727 Ut

325 751 425 788 paucis
451 750 546 780 omnia
561 751 752 785 complectar,
774 758 839 777 curn
855 749 957 777 Poetae
979 757 1097 785 quoque
1117 749 1237 777 Hebraei
1259 758 1318 778 non
1339 749 1408 778 satis
1434 749 1575 784 habeant,
1596 754 1654 777 rem
1679 750 1754 778 nude
1776 757 1846 786 pro-

322 811 446 839 ponere,
469 803 517 831 sed
541 810 598 830 eam
624 801 743 829 subinde
766 806 913 837 repetant,
934 800 1062 836 varient,
1084 800 1277 837 amplificent,
1306 801 1479 837 imaginibus
1507 801 1654 830 illustrent
1674 808 1702 829 et
1722 807 1845 836 ornent,

322 854 476 883 Zacharias
497 853 583 881 Poeta
609 859 636 880 et
663 852 719 880 dici
742 858 839 888 potest
860 858 888 880 et
917 852 1017 889 debet,
1045 854 1095 890 qui
1117 854 1145 883 in
1169 854 1302 883 carminis
1327 861 1495 892 argumento
1520 855 1669 883 Poetarum
1695 863 1774 884 more
1797 854 1846 884 ha·

324 905 415 941 bitet,
437 912 463 934 et
486 905 557 933 illud
579 912 637 933 uon
659 910 770 934 tantuin
795 903 906 939 menti,
929 904 978 933 sed
1001 911 1028 933 er
1049 905 1248 942 imaginationi
1269 915 1300 934 ac
1322 906 1413 935 veluti
1434 906 1527 936 oculis
1546 913 1705 944 proponat.

1034 995 1062 1031 ς.
1104 1003 1135 1023 2.

872 1084 928 1113 Est
949 1085 1137 1123 aliquatenus
1157 1086 1300 1115 Μεῑνὶεα.

358 1161 448 1191 Metri
472 1161 668 1192 Hebraeorum
693 1161 804 1198 antiqui
829 1162 967 1192 rationem
992 1163 1140 1192 restituere
1171 1164 1254 1193 multi
1279 1163 1344 1192 inde
1365 1172 1380 1192 a
1405 1163 1560 1193 Meihomio
1588 1169 1615 1192 et
1637 1151 1762 1206 Gomqbo
1782 1168 1846 1193 ten·

321 1219 430 1243 tarunt.
472 1214 635 1244 Notissima
659 1220 704 1242 est
723 1210 882 1242 Ila‘rianae
898 1214 1036 1245 Metricae
1057 1217 1240 1253 confutatio,
1257 1226 1272 1246 a
1293 1217 1408 1246 Lowtho
1424 1216 1519 1252 facta,
1537 1218 1659 1254 ejusque
1673 1205 1845 1245 Praelectio-

320 1265 408 1294 nibus
428 1266 463 1295 de
482 1265 566 1295 Po'esi
584 1266 778 1295 Hebraeorum
801 1267 920 1304 adjecta.
963 1267 1088 1298 Grevius
1111 1277 1202 1305 nuper
1223 1277 1328 1297 novam
1351 1268 1499 1305 ingressus
1524 1274 1568 1297 est
1587 1267 1681 1304 viam,
1703 1274 1845 1309 suamque

321 1317 490 1346 sententiam
517 1325 617 1354 magna
641 1317 822 1353 eruditione,
847 1326 897 1347 nec
915 1319 1026 1348 minore
1047 1320 1181 1357 ingenio,
1206 1320 1354 1349 exornavit
1376 1320 1406 1357 in
1431 1329 1507 1348 nova
1534 1320 1701 1349 recensione
1725 1319 1847 1348 ultimo-

322 1374 384 1393 rum
401 1365 469 1402 Jobl
491 1367 832 1404 Capitum‚'additisque
855 1370 1171 1401 animadversionibus:
1199 1372 1246 1400 Dc
1266 1373 1368 1400 metris
1389 1371 1560 1407 Hebraici13
1589 1379 1640 1400 nec
1668 1379 1728 1400 non
1749 1371 1780 1399 in
1807 1369 1849 1398 εἰ·

322 1415 383 1444 mili
406 1416 598 1453 explicatione
619 1420 831 1449 Vaticiniorum
854 1421 983 1450 Nahumi
1010 1429 1038 1451 et
1065 1423 1232 1458 Habacuci,
1262 1429 1289 1451 et
1317 1423 1429 1459 aliquot
1456 1423 1594 1459 Capitum
1613 1422 1733 1460 Jesaiae-
1779 1418 1844 1446 ΝΟ·

320 1467 439 1496 vissime
467 1469 539 1497 idern
567 1478 765 1507 argumentum
787 1474 920 1502 tractavit
940 1473 1179 1509 Bellermamms,
1205 1474 1235 1503 in
1261 1475 1389 1504 Versuch
1416 1473 1486 1500 iiber
1506 1473 1552 1499 die
1572 1469 1686 1497 Metrik
1707 1468 1761 1497 dar
1785 1465 1846 1496 He?-

322 1519 438 1548 Zwaeer.
485 1520 583 1556 Atque
613 1522 737 1552 Grevc'us
766 1524 882 1560 quidem
913 1522 989 1554 hunc
1011 1526 1107 1562 ipsum
1132 1525 1284 1554 Zachariae
1309 1526 1467 1561 hymnum,
1490 1528 1525 1550 ut
1541 1529 1629 1557 supra
1647 1520 1704 1557 jam
1721 1519 1843 1556 monui,

324 1571 359 1598 ad
380 1579 438 1599 eam
465 1573 547 1600 metri
575 1572 695 1602 formam
721 1575 918 1612 rationemque
946 1577 1057 1614 exegit,
1087 1586 1173 1614 quam
1197 1577 1225 1605 in
1249 1576 1426 1605 carminibus
1453 1572 1603 1602 Hebraicis
1623 1571 1763 1600 detexisse
1785 1571 1842 1600 sibi

321 1621 403 1649 visus
424 1629 484 1658 est,
512 1631 576 1651 eum
603 1634 711 1654 vocans
736 1636 855 1656 carmen
882 1627 1050 1664 Jambt'cum
1080 1635 1285 1657 tetrametrum
1313 1625 1622 1665 hupercatalecticum.
1675 1623 1720 1651 Ex
1744 1629 1845 1652 nostra

320 1673 460 1701 sententia
484 1681 558 1703 recte
578 1675 732 1712 Lomhas,
757 1672 925 1714 Ilerdc‘rm,
945 1679 1052 1715 aliique
1072 1689 1157 1709 omne
1181 1680 1255 1709 illud
1276 1677 1384 1708 inventi
1413 1677 1494 1707 metri
1517 1675 1676 1704 aedificium
1695 1675 1839 1711 eJ'usmodi

321 1732 384 1751 esse
409 1724 559 1761 judicant,
589 1727 637 1754 cui
659 1728 733 1756 desit
758 1729 988 1759 fundamentum.
1034 1732 1162 1761 Eatenus
1193 1732 1282 1769 igitur
1308 1729 1399 1759 oratio
1424 1727 1577 1756 Zachariae
1600 1727 1675 1755 sitne
1704 1726 1839 1762 metrica,

323 1781 440 1811 necne,
462 1785 516 1805 nos
540 1777 793 1821 quidemdefinste
815 1789 875 1809 non
899 1783 1046 1812 audemus.

359 1825 466 1856 Verum
487 1828 585 1857 Poe'sis
609 1830 804 1860 Hebraeorum
824 1821 995 1869 peculiarem
1026 1833 1142 1872 sibique
1166 1834 1410 1864 accommodatam
1442 1831 1527 1860 habet
1549 1829 1751 1859 sententiarum
1773 1837 1848 1858 con*

322 1875 539 1916 formationem,
561 1882 644 1918 cujus
667 1891 698 1911 ea
723 1883 795 1912 ratio
817 1890 879 1920 est,
901 1891 935 1913 ut
952 1886 1085 1915 Poemata
1109 1887 1138 1915 in
1155 1886 1287 1925 periodos
1304 1885 1477 1923 plerumque
1498 1881 1652 1920 aequales,
1676 1890 1706 1909 ac
1725 1880 1846 1909 totidem*

327 1924 414 1953 ’'slat“
441 1930 614 1961 dividantur
640 1934 790 1972 strophas‚
812 1935 930 1973 periodi
956 1943 1050 1966 autem
1077 1938 1154 1974 ipsae
1178 1946 1245 1967 suas
1271 1936 1401 1973 singulae
1428 1934 1548 1963 habeant
1576 1932 1752 1969 particulas,
1781 1931 1843 1960 sive

328 1975 503 2012 ἺΕΥΞῨΕΠῙΟΒ»
531 1977 566 2006 ad
593 1984 698 2006 cestim·
724 1992 863 2016 t'mquam
891 1995 1076 2020 numerorum
1108 1998 1237 2020 normam
1267 1988 1418 2025 diligenter
1441 1992 1576 2022 exact053
1612 1982 1694 2014 conf.
1722 1980 1842 2015 Lm'rth,

1702 2030 1840 2063 Praelcet.
