1940 2474
438 167 959 203 COMM'ENTATIO
1025 168 1438 204 LITERARIA.
1645 173 1688 217 73

178 261 316 296 Curtius,
338 260 421 297 cnjus
440 267 483 287 res
504 265 592 294 aeque
620 263 706 292 atque
733 262 848 284 aetatem
871 246 1061 293 ignoramuss
1088 256 1210 285 Videtur
1235 263 1327 286 tamen
1350 258 1387 286 ob
1414 257 1552 286 orationis
1575 259 1686 288 laudem

169 314 220 343 vel
239 311 348 341 Tiberii
371 311 418 339 vel
438 309 554 339 Claudii
578 314 683 343 aetate,
705 314 779 336 certe
802 308 858 336 hoc
878 307 1016 344 temporis
1042 307 1156 343 spatio,
1180 308 1331 337 floruisse:
1354 309 1378 337 is
1396 309 1575 338 Clitarchum
1597 309 1685 338 Grae-

169 373 238 394 cum
259 363 438 392 Historicum
462 361 490 390 in
506 360 607 397 primis
626 366 763 394 secutus,
792 360 933 388 rhetorice
957 358 1056 395 potius
1078 367 1120 387 res
1143 367 1236 396 gestas
1264 360 1417 388 Alexandri
1444 360 1545 396 Magni
1570 369 1687 389 exorna-

171 416 235 451 vit,
258 423 342 451 quam
363 415 399 442 ad
418 413 564 442 Historiae
584 411 728 440 veritatem
748 412 880 440 narravit.
923 410 991 439 Vid.
1018 411 1039 439 1.
1058 420 1085 439 c.
1111 411 1143 439 P.
1161 411 1187 439 ΙΙ
1212 421 1242 448 p.
1269 421 1332 447 134.
1374 412 1542 449 Vespasiani
1560 419 1687 448 tempore

165 467 237 498 clari
260 466 378 495 fuerunt
403 463 538 500 Aufidius
566 462 669 491 Bassus
698 469 724 491 et
750 463 892 492 Servilius
913 463 1088 497 Nonianus,
1119 463 1152 491 de
1174 462 1282 498 quibus
1315 463 1343 490 V
1346 462 1384 491 id.
1408 464 1522 492 Auctor
1544 463 1578 491 de
1599 464 1684 492 Gaas.

166 518 255 550 corr.
278 518 365 557 Eloq.
391 526 427 554 23
449 523 476 545 et
497 515 643 553 Quinctil.
663 515 708 550 X,
734 524 744 542 1
771 524 801 551 p.
821 517 888 551 578.
928 515 972 543 De
992 514 1108 549 Tacito,
1132 515 1182 550 qui
1203 514 1368 543 Domitiano
1393 516 1506 544 demum
1533 515 1686 551 imperante

164 570 321 606 scripsisse
344 570 477 604 videtur,
499 568 529 596 h.
556 569 576 596 1.
602 562 693 596 dicere
716 566 788 595 nihil
809 567 924 596 attinet:
956 566 980 594 si
1005 566 1076 605 quid
1101 572 1194 595 tamen
1217 567 1390 603 dicendum,
1418 567 1475 596 fuit
1496 567 1520 595 is
1553 587 1569 602 ‚‚
1591 573 1684 594 rerum

169 642 188 658 „
207 621 401 650 Romanarum
425 620 568 656 scriptor,
589 619 729 648 excellens
747 618 918 656 prudentia,
940 618 1074 648 sensibus
1097 618 1250 655 sublimis,
1273 619 1423 648 sententiis
1448 618 1603 655 frequens,
1626 625 1686 646 ora-

158 693 188 709 ‚„
207 672 287 703 tione
310 673 404 703 brevis
426 681 458 702 ac
482 670 644 709 pressus.”

874 754 902 788 §-
942 753 973 781 6.

780 834 828 863 De
849 835 1066 865 Grammatica.

151 954 155 956 ,
199 918 271 949 Post
300 927 350 952 ea,
382 926 456 953 quae
486 918 521 946 de
548 915 742 951 Eloquentiae
765 921 980 952 ceterarumque
1007 915 1201 945 doctrinarum
1231 916 1405 945 decrescenti
1432 916 1514 945 laude
1539 915 1682 951 diximus,

153 969 220 1000 'non
245 977 322 1007 opus
341 967 395 996 erit
416 967 508 995 multa
527 967 561 995 de
582 967 789 998 Grammatices
811 975 842 995 ac
863 966 1033 996 Rhetorices
1057 967 1163 996 studiis
1185 968 1295 996 addere.
1335 969 1375 997 Et
1399 969 1433 997 ad
1460 968 1682 997 Grammaticam

152 1011 274 1058 'quidem
297 1020 378 1056 quod
399 1019 501 1048 attinet
520 1018 639 1048 fuerunt
659 1019 744 1047 etiam
766 1019 818 1046 hac
839 1024 948 1053 aetate,
974 1018 1025 1054 qui
1049 1027 1108 1047 eam
1131 1018 1283 1055 diligenter
1301 1021 1426 1049 colerent
1456 1029 1487 1048 ac
1509 1025 1682 1054 tractarent,

158 1071 253 1101 veluti
274 1070 366 1100 medIO
388 1070 503 1100 circiter
527 1072 627 1100 seculo
652 1070 693 1099 N.
716 1070 756 1099 A.
777 1070 807 1106 I,
837 1069 979 1098 Asconius
1000 1069 1165 1106 Pedianus,
1194 1071 1278 1107 cujus
1305 1071 1493 1100 doctissimos
1513 1071 1682 1099 in.Cicero-

156 1123 204 1153 nis
224 1123 377 1153 Orationes
400 1122 632 1152 Commentarios
656 1121 800 1158 hodieque
823 1121 975 1150 habemus.
1016 1120 1160 1154 Universe
1183 1129 1277 1151 tamen
1296 1131 1475 1159 nequaquam
1504 1122 1604 1151 melior
1623 1120 1680 1149 fuit

146 1174 268 1218 huius,
291 1183 376 1211 quam
401 1174 519 1203 aliarum
540 1174 644 1203 artium
669 1173 822 1209 conditi03
852 1173 902 1201 sed
925 1172 1065 1209 paulatim
1089 1182 1119 1202 ea
1140 1183 1155 1202 a
1179 1174 1300 1210 pristina
1318 1174 1476 1211 diligentia
1498 1175 1533 1203 ad
1555 1173 1679 1210 ineptam

154 1226 337 1256 sedulitatem
356 1227 482 1257 deflexit.
522 1226 595 1256 Non
614 1225 739 1262 amplius
761 1224 966 1261 Philosophiae
987 1225 1051 1254 luce
1071 1225 1199 1254 adhibita
1223 1226 1257 1254 de
1281 1225 1395 1262 linguae
1415 1235 1492 1262 usu,
1517 1226 1615 1254 indole
1639 1230 1679 1253 at-

148 1267 217 1313 'que
232 1285 354 1313 natura,
370 1279 558 1313 disputabant
571 1277 775 1306 Grammatici:
799 1284 911 1312 neque,
928 1282 1004 1304 recta
1022 1277 1225 1313 interpretandi
1245 1277 1355 1305 ratione
1373 1277 1440 1312 usi,
1462 1286 1496 1306 ex
1514 1276 1680 1310 Historiae,

155 1326 349 1364 Fabularum,
369 1328 564 1364 Antiquitatis
575 1349 585 1364 ,
595 1327 763 1365 cognitione
774 1327 875 1356 Po‘e'tas
890 1336 922 1356 ac
937 1327 1100 1363 Scriptores
1116 1328 1302 1356 enarrabant:
1324 1328 1375 1357 sed
1389 1328 1492 1357 subtili
1509 1336 1601 1357 rerum
1616 1327 1680 1355 inu-

152 1376 251 1408 tilium
275 1379 481 1416 disquisitione
498 1386 615 1416 tempus
637 1379 783 1415 terebant,
806 1385 893 1414 atque
913 1377 1011 1409 inanes
1028 1386 1059 1407 ac
1082 1378 1184 1408 futiles
1199 1380 1384 1415 quaestiones
1400 1380 1570 1414 movebant,
1594 1385 1680 1413 quae-

153 1435 248 1459 rentes
280 1426 314 1458 v.
338 1439 366 1459 c.
389 1439 462 1466 quae
482 1431 592 1468 primus
620 1431 746 1466 quisque
772 1438 805 1458 ex
827 1430 969 1458 Romanis
993 1430 1117 1458 ducibus
1142 1430 1275 1465 fecisset,
1305 1431 1371 1467 quis
1395 1431 1535 1460 Romanis
1566 1429 1677 1466 primus

155 1481 348 1517 persuasisset
368 1490 468 1511 navem
491 1481 835 1519 conscenderffialiaque
851 1482 946 1510 multo
969 1481 1121 1516 ineptiora.
1162 1481 1256 1519 Quem
1274 1490 1414 1519 nugarum
1432 1482 1585 1516 morbum,
1608 1488 1675 1509 cum

154 1532 281 1568 primum
307 1534 384 1569 apud
407 1533 536 1562 Graecos
553 1533 713 1570 viguisset,
734 1532 885 1562 Romanos
911 1541 1029 1569 quoque
1046 1533 1225 1568 pervasisse,
1249 1534 1379 1569 queritur
1402 1536 1508 1563 Seneca
1530 1533 1564 1561 de
1588 1532 1674 1560 Brev.

155 1583 265 1620 Vitae,
284 1593 329 1620 13.
349 1585 482 1620 idemque
497 1585 555 1623 Ep.
571 1586 604 1613 88
622 1585 763 1621 ejusmodi
781 1584 903 1621 ineptias
923 1584 996 1613 nihil
1012 1584 1048 1612 ad
1066 1584 1204 1612 virtutem
1223 1584 1354 1613 conferre
1371 1586 1471 1621 docet,
1494 1585 1552 1613 imo
1574 1582 1675 1611 melius

153 1640 219 1663 esse
241 1635 309 1664 talia
336 1644 486 1672 nunquam
517 1635 660 1665 didicisse.
710 1636 812 1673 Quid,
843 1636 958 1672 inquit,
979 1635 1057 1674 quod
1073 1637 1132 1663 ista
1154 1636 1323 1665 liberalium
1344 1638 1456 1666 artium
1483 1635 1673 1669 consectatio,

154 1685 300 1720 molestos,
320 1688 465 1722 verbosos,
487 1687 542 1716 sibi
559 1687 706 1726 placentes
720 1688 818 1725 facit,
841 1694 869 1716 ct
885 1687 947 1716 idco
970 1697 1025 1716 non
1044 1686 1181 1717 discentes
1195 1688 1377 1722 necessaria,
1398 1688 1469 1725 qm‘a
1494 1693 1675 1725 supervacua

139 1736 332 1766 didicerunt.
372 1737 459 1766 Unde
474 1740 544 1766 satis
562 1739 753 1774 intelligitur,
773 1739 941 1768 istiusmodi
965 1737 1180 1773 homunculos,
1202 1738 1254 1774 qui
1270 1737 1300 1767 in
1322 1737 1428 1767 talibus
1450 1738 1542 1767 otium
1568 1735 1674 1767 consuss

153 1788 286 1824 mebant,
307 1795 393 1825 atque
416 1789 556 1826 eiusmodi
572 1790 658 1826 nugis
680 1790 819 1827 juvenilia
845 1788 959 1827 ingenia
985 1788 1188 1825 exeercebant,
1218 1790 1253 1819 ad
1279 1796 1440 1819 accuratam
1465 1790 1580 1827 linguae
1605 1797 1674 1827 cog-

140 1841 293 1871 minonem
316 1841 556 1878 Scriptorumque
579 1841 797 1878 intelligentiam
820 1841 892 1872 nihil
918 1840 978 1872 fere
997 1841 1169 1871 contulisse.
1223 1842 1309 1872 Plura
1329 1842 1388 1872 vid.
1410 1851 1458 1879 ap.
1478 1842 1671 1871 Mcincrsiuta

138 1900 188 1929 lp.
207 1894 276 1930 256.
317 1893 474 1924 Videamus
494 1893 596 1923 ultimo
617 1893 685 1923 loco
