1960 2500
358 191 408 226 γ,
805 181 841 216 J.
901 167 1426 217 vAN'Voo‘RST

360 298 444 326 rum
473 284 509 321 in
532 276 678 319 inodum
705 279 897 324 excitavit,
928 286 961 314 et
987 286 1164 326 tanquam
1191 278 1287 326 ignis
1316 275 1483 313 coelestis
1507 277 1546 311 vi
1572 275 1809 314 inflammavit
1829 279 1875 316 ad

360 360 421 385 res
458 346 634 382 maximas
666 342 807 377 fortiter
843 340 1118 389 aggrediendas.
1183 340 1311 388 ltaque
1343 338 1528 386 Principes
1539 366 1551 383 ,
1588 347 1689 374 antea
1723 341 1880 376 animum

362 411 470 459 plane
501 404 783 453 despondentes,
812 402 932 438 Deum
961 403 1117 448 adeunt,
1157 401 1312 449 ejusque
1339 413 1442 448 opem
1471 400 1721 436 ardentissime
1748 403 1878 449 implo-

361 478 465 513 rant,
494 476 527 503 et
546 467 644 506 hunc
666 466 782 515 ignem
805 465 841 500 in
864 476 985 500 omnes
1007 463 1076 499 sibi
1102 462 1269 498 subditos
1301 462 1545 507 transferunt,
1575 475 1708 511 eosque
1735 475 1776 497 ea
1804 463 1880 499 elo-

363 531 530 580 quentiae
544 529 580 565 vi
592 519 708 577 {quae
725 526 878 575 pectoris
899 538 976 562 esse
995 526 1086 561 solet
1101 553 1112 570 ,
1125 524 1437 560 vehementissime
1455 524 1647 572 impellunt
1668 532 1700 559 et
1715 524 1877 570 incitant,

362 602 401 628 ut
423 592 510 627 belli
531 591 713 626 fortunam
733 588 855 624 adhuc
881 596 1014 624 tentent
1041 595 1074 623 et
1097 587 1367 635 periclitentur,
1396 595 1430 621 et
1454 587 1651 634 conjunctis
1681 586 1822 623 viribus
1839 587 1878 622 in

362 653 563 691 libertatem
585 665 624 688 se
651 651 859 697 vindicent3
887 662 1058 699 magnum
1093 649 1234 685 omnino
1253 648 1322 684 hoc
1350 661 1441 696 opus
1465 661 1543 683 esse
1567 657 1676 697 atque
1699 649 1893 693 arduinus

363 716 426 751 sed
453 714 655 751 volentibus
687 713 777 749 nihil
811 724 849 747 se
874 710 1018 747 difficile
1044 719 1187 759 putare.
1238 710 1318 746 Hoc
1347 710 1494 745 stimulo
1520 711 1642 758 magui
1664 709 1883 745 brevissimo

362 785 520 824 tempore
553 776 730 811 exercitus
756 784 927 823 tanquam
954 786 998 808 ex
1025 773 1136 808 nihilo
1163 780 1351 818 creantur,
1380 780 1413 808 et
1435 773 1500 821 qui
1520 780 1754 820 supererant,
1782 778 1882 807 exte-

359 839 466 874 nuati
494 850 614 873 omnes
642 846 675 872 et
695 836 910 881 exanimati,
938 835 1053 871 veluti
1076 835 1115 871 vi
1133 835 1255 871 divina
1279 836 1392 870 erecti
1413 842 1445 870 et
1465 833 1683 879 confirmati,
1713 846 1785 868 una
1802 844 1884 869 cum

363 901 536 945 caeteris,
566 900 679 934 alacri
699 900 817 934 animo
846 906 880 933 et
901 897 1077 945 intrepide
1106 905 1324 942 accurrunt,
1352 909 1467 945 neque
1495 906 1576 932 ante
1599 887 1882 945 requietemop-

363 968 462 1005 tant,
491 974 600 1008 quam
627 974 646 995 e
675 961 781 994 terris
809 960 886 995 suis
920 960 1025 1007 longe
1056 967 1215 994 remotus
1243 967 1276 994 et
1302 971 1456 1005 prorsus
1488 959 1652 994 devictus
1683 959 1729 993 sit
1747 957 1884 994 hostis:

363 1021 402 1056 Is
421 1020 566 1069 quidem
578 1048 590 1065 ‚
615 1021 702 1056 dum
726 1019 912 1068 Principes
931 1021 974 1054 de
992 1031 1031 1053 re
1045 1019 1210 1054 inchoata
1228 1018 1446 1066 perficienda
1466 1021 1619 1055 consilia
1635 1021 1790 1063 inirent,
1817 1031 1884 1054 no·-

364 1093 474 1121 vum,
503 1090 537 1117 et
570 1083 783 1117 immensum
806 1081 971 1130 quidem,
1000 1080 1165 1116 inaudita
1194 1081 1337 1116 licentia
1372 1081 1618 1129 saevitiaque,
1656 1086 1886 1117 contraxerat

366 1144 586 1189 exercitum3
622 1144 759 1179 circiter
797 1151 964 1178 sexcenta
997 1142 1183 1177 hominum
1215 1142 1333 1178 millia
1362 1140 1577 1178 victricibus
1617 1141 1883 1177 foederatorum

364 1205 576 1253 Principum
607 1207 720 1253 copiis
750 1205 886 1252 objicit.
941 1204 1083 1240 Horum
1111 1216 1200 1241 vero
1231 1204 1267 1239 in
1285 1204 1361 1239 dies
1381 1212 1548 1240 crescunt
1566 1216 1651 1251 opes
1670 1204 1883 1252 animique,

356 1275 399 1303 vet
417 1268 469 1303 nil
493 1267 758 1315 desperandum
778 1268 870 1312 rati,
899 1266 1011 1315 supra
1031 1267 1090 1312 id,
1118 1265 1217 1314 quod
1242 1266 1339 1302 vires
1368 1266 1492 1303 valere
1520 1265 1752 1310 viderentur,
1778 1277 1886 1313 prae-

367 1337 464 1365 stant
490 1339 522 1365 et
546 1329 749 1378 perficiunt.
801 1330 886 1367 Sive
908 1316 1045 1378 proelii·
1067 1340 1187 1373 more,
1218 1329 1298 1364 sive
1330 1331 1542 1365 catervatim
1568 1328 1747 1364 irruentes
1775 1327 1887 1363 undi-

368 1402 439 1438 que
466 1391 667 1439 repellunt,
705 1392 855 1440 sugant,
893 1398 1088 1436 avertunt,
1125 1390 1336 1438 reprimunt.
1399 1392 1554 1440 Magnae
1583 1391 1701 1426 denuo
1725 1389 1884 1426 eduntur

368 1459 528 1501 strage83
554 1454 871 1501 pervicacissimus
898 1453 1030 1498 homo,
1060 1461 1163 1487 antea
1192 1453 1281 1488 coeli
1309 1452 1454 1501 injuriis
1480 1459 1802 1500 tempestatumque
1820 1463 1886 1487 vea-

368 1512 545 1549 hementia
579 1527 777 1563 percussus
810 1515 1001 1562 animoque
1035 1514 1229 1558 confusus,
1266 1527 1361 1549 nunc
1397 1513 1585 1549 obfirmata
1619 1513 1885 1549 foederatarum

370 1576 529 1622 gentium
551 1577 686 1612 virtute
707 1586 740 1612 et
757 1577 999 1624 inexspectata
1017 1575 1202 1623 pugnandi
1226 1576 1352 1622 peritia
1375 1576 1612 1623 percellitur3
1640 1583 1676 1610 at
1701 1564 1885 1622 quotidia-

369 1647 415 1670 na
436 1636 492 1672 vel
516 1637 568 1672 sic
586 1645 703 1672 tamen
725 1637 912 1672 committit
927 1637 1088 1683 proelia,
1119 1645 1151 1671 et
1173 1649 1347 1684 prospera
1366 1637 1511 1685 quidem
1540 1635 1694 1672 subinde
1714 1636 1886 1681 fortuna·,'

370 1696 432 1731 sed
458 1709 634 1745 perquam
662 1711 765 1745 saepe
790 1697 943 1734 adversa
969 1706 1002 1732 et
1028 1694 1136 1745 quam
1166 1699 1321 1733 maxime
1345 1699 1502 1734 funesta.
1555 1697 1640 1742 Quo
1660 1699 1775 1746 magis
1797 1697 1882 1742 ille,

368 1759 573 1794 mortalium
604 1760 891 1803 audacissimus,
920 1759 1113 1795 resistendi
1143 1760 1265 1796 surore
1295 1769 1328 1796 et
1359 1761 1461 1808 pacis
1485 1761 1572 1808 plus
1605 1760 1713 1795 semol
1741 1760 1885 1795 oblatae

370 1820 588 1855 conditiones
618 1821 804 1856 recusandi
832 1821 1053 1868 pertinacia,
1083 1834 1226 1858 causam
1261 1824 1436 1858 sustinere
1464 1822 1601 1866 studet,
1639 1830 1736 1857 tanto
1766 1822 1884 1871 magis

367 1892 556 1930 magisque
586 1882 819 1927 debilitatur,
839 1885 882 1918 'et
907 1882 1133 1918 atrocissima
1160 1884 1226 1919 issa
1252 1897 1362 1932 prope
1397 1884 1559 1931 Lipsiam
1593 1897 1737 1932 pugna,
1767 1896 1883 1933 quum

368 1954 426 1976 res
458 1952 549 1979 esset
575 1945 648 1990 jam
676 1944 722 1980 ad
753 1948 950 1980 extromum
976 1945 1147 1991 perducta
1178 1959 1326 1990 casum,
1356 1946 1463 1992 plane
1490 1946 1683 1994 frangitur.
1738 1947 1876 1994 igitur,

371 2003 535 2040 omnibus
558 2006 721 2053 partibus
738 2005 974 2056 profligatus,
1005 2013 1038 2041 et
1057 2007 1152 2043 omni
1170 2006 1213 2044 de
1233 2019 1295 2055 spe
1317 2008 1504 2053 decidens,
1532 2009 1649 2044 denuo
1667 2008 1754 2054 suga
1775 2005 1878 2042 salu-

1809 2075 1880 2105 tem
