1940 2474
248 161 313 200 ,δα
510 163 670 197 JANI
734 163 1101 195 THEODORI
1166 164 1502 198 RERGMAN

479 517 943 558 E‘POCH'A
1068 499 1559 569 QUAR'TA‘„

611 662 632 682 Α
658 660 832 682 TIBERIO
859 662 990 689 usque
1019 663 1072 683 AD
1100 662 1417 690 VESPASIANUM,

731 718 770 746 A.
786 718 823 746 U.
840 718 998 754 767—832
1009 739 1029 754 ,γ
1042 718 1086 747 Ν.
1100 718 1140 747 Α,
1163 727 1197 754 14
1209 727 1294 754 —79.

253 811 308 878 In
329 848 416 886 hujus
441 848 578 884 Epochae
607 849 731 879 historia>
750 852 902 880 enarranda
924 852 966 881 eo'
985 853 1165 882 brevioribus
1195 862 1256 883 esse
1284 852 1370 882 nobis
1404 853 1526 887 licebit,
1562 860 1622 889 quo
1649 851 1774 882 deterior.

255 898 313 927 fuit
334 899 389 928 hoc
408 906 536 937 tempore
558 900 718 929 Literarum
741 902 883 931 conditio.
932 903 1039 931 Verum
1064 912 1097 932 eo
1120 912 1237 940 quoque
1261 905 1427 941 diligentius
1449 913 1550 932 causas
1573 905 1704 941 indagare
1728 905 1775 932 lu-

253 949 321 985 bet,
351 951 459 986 quibus
479 951 589 980 factum
614 959 676 987 est,
703 959 736 982 ut
761 953 825 982 illae
847 954 984 990 paulatim
1016 955 1046 983 in
1070 956 1151 992 peJ'us
1177 962 1288 984 ruerent
1313 962 1495 991 veteremque
1524 955 1636 983 laudem
1662 954 1779 982 amitte--

251 1008 331 1031 rent:
355 1002 384 1032 in
410 1011 466 1038 qua
487 1003 602 1038 quidem
622 1003 803 1040 indagatione
825 1005 946 1034 maxime
966 1006 1068 1034 ducem
1091 1015 1246 1042 sequemur
1265 1007 1304 1035 V.
1328 1007 1377 1036 Cl.
1402 1007 1434 1036 C.
1456 1007 1667 1041 Metnersz'um,
1689 1005 1777 1041 cujus

251 1052 286 1089 de
306 1053 416 1082 artibus
447 1043 669 1090 disciplinisque
691 1055 890 1085 Romanorum
921 1057 1151 1086 decrescentibus
1184 1058 1296 1095 egregia
1325 1065 1418 1088 exstat
1446 1058 1605 1094 disputatio
1637 1057 1668 1086 in
1696 1056 1774 1084 libro

249 1102 306 1140 jam
329 1105 441 1141 saepius
466 1105 600 1140 laudato,
632 1105 798 1134 Gaschichte
825 1107 872 1136 des
895 1108 1028 1145 Verfalls
1052 1109 1106 1137 der
1129 1110 1241 1145 Sinam,
1268 1116 1321 1138 etc.
1353 1110 1432 1138 Sect.
1450 1109 1519 1137 VIII
1539 1116 1567 1137 et
1589 1109 1640 1138 IX.
1669 1117 1702 1144 p.
1719 1106 1773 1143 238

253 1161 322 1190 sqq.
371 1156 469 1193 Hujus
495 1156 584 1193 igitur
607 1157 797 1187 decrescentis
826 1158 987 1189 Literarum
1013 1160 1105 1189 laudis
1136 1169 1238 1190 causae
1271 1161 1460 1197 potissimum
1489 1160 1655 1197 repetendae
1684 1162 1774 1197 sunt,

252 1212 319 1234 cum
345 1215 379 1236 ex
402 1217 514 1237 morum
534 1209 703 1247 corruptela
718 1212 923 1249 perversisque
947 1213 1092 1241 hominum
1116 1213 1240 1248 studiis,
1266 1219 1330 1241 tum
1356 1221 1390 1241 ex
1410 1215 1516 1241 amissa
1537 1211 1692 1243 abertate,
1713 1214 1776 1235 tum

252 1256 376 1301 denique
396 1267 429 1287 ex
450 1260 612 1289 Caesarum
632 1260 662 1288 in
685 1260 793 1289 Literis
816 1263 945 1291 colendis
968 1263 1148 1301 negligentia
1160 1275 1172 1299 ,·
1203 1264 1237 1291 de
1259 1264 1367 1303 quibus
1391 1263 1514 1300 singulis
1537 1261 1661 1290 breviter
1683 1258 1785 1288 videa-

254 1314 343 1351 mus,
366 1317 518 1347 antequam
541 1313 576 1341 ad
600 1312 692 1348 ipsam
717 1312 877 1341 Literarum
902 1314 999 1351 hujus·
1014 1315 1153 1351 temporis
1179 1314 1328 1343 historiam
1350 1316 1532 1343 accedamus.

291 1359 417 1390 Constat
447 1363 571 1398 priscam
602 1363 684 1392 illam·
712 1364 910 1393 Romanorum
948 1366 1147 1401 severitatem,
1182 1365 1281 1400 fidem,
1320 1365 1528 1397 constantiam,
1557 1361 1776 1396 fortitudinem,

259 1407 474 1448 frugalitatem,
505 1414 612 1449 quibus
634 1403 797 1448 adtantam
818 1422 944 1444 creverat
967 1424 1011 1444 res
1031 1416 1160 1445 Romana
1184 1417 1432 1453 magnitudinem,
1462 1420 1601 1451 quantam·
1624 1413 1704 1442 nulla
1726 1419 1779 1440 un—

257 1468 344 1495 quam
368 1468 417 1490 aut
434 1470 514 1492 antea
531 1471 580 1492 aut
602 1471 702 1501 postea
719 1473 875 1496 consecuta
904 1473 950 1495 est
970 1466 1168 1503 Respublica-3.
1200 1473 1314 1496 constat
1342 1467 1431 1503 igitur
1454 1466 1606 1494 celebratas
1638 1464 1701 1492 illas
1718 1462 1776 1490 vir-

259 1517 337 1540 tutes
359 1514 490 1543 extremis
508 1515 698 1552 Reipublicae
717 1517 864 1546 Romanae
882 1518 1061 1555 temporibus
1079 1518 1136 1547 fere
1161 1527 1284 1555 prorsus
1304 1519 1476 1553 evanuisse,
1498 1524 1584 1552 atque
1604 1516 1633 1543 in
1655 1512 1775 1550 opposi-

257 1567 286 1589 ta
306 1561 377 1589 vitia
400 1565 524 1601 abiisse,
553 1575 665 1596 morum
692 1568 857 1605 lasciviam,
887 1570 1130 1605 inconstantiam,
1160 1570 1294 1605 fraudes,
1323 1570 1476 1604 libidines,
1513 1564 1776 1603 intemperantiam,

261 1612 413 1640 luxuriam·
463 1618 635 1650 Cuiusmodi
660 1620 731 1648 vitia
756 1629 821 1648 cum
848 1622 957 1650 soleant
979 1622 1136 1658 plurimum
1161 1622 1256 1650 damni
1280 1622 1393 1657 corpori
1422 1620 1537 1654 afferre,
1565 1619 1685 1655 ejusque
1705 1615 1780 1644 vires

263 1671 411 1698 enervare,
434 1672 485 1699 ΡΕΓ
505 1664 692 1694 arctissmmm
718 1671 794 1699 illam
817 1673 1072 1709 conjunctionem,
1097 1682 1181 1709 quam
1213 1682 1276 1702 esse
1299 1681 1407 1708 corpus
1434 1672 1506 1700 inter
1529 1676 1556 1698 et
1583 1674 1702 1696 mentem
1728 1664 1780 1693 do-

261 1722 383 1747 cueizunt
402 1715 606 1751 sapientissimi
624 1715 697 1750 viri,
720 1715 780 1743 fieri
800 1721 876 1744 anter
902 1733 958 1746 im„
982 1725 1099 1760 notuit,
1130 1725 1201 1760 quin
1225 1725 1315 1753 fracta
1341 1723 1470 1753 corporis·
1497 1716 1656 1744 valetudine
1677 1724 1708 1743 ac
1732 1714 1778 1743 fir-

263 1765 380 1801 mitate,
408 1767 511 1795 mentis
539 1775 657 1802 quoque
679 1767 763 1802 quasi
791 1767 897 1796 sanitas
926 1769 1054 1804 periret,
1081 1769 1200 1804 ejusque
1227 1768 1300 1797 vires
1320 1767 1552 1802 debilitarentur,
1573 1775 1624 1795 nec
1651 1767 1780 1803 vigerent

266 1817 406 1852 amplius,
436 1824 467 1846 ut
488 1824 586 1853 antea,
613 1817 761 1854 prudentia
790 1818 855 1854 illa,
885 1820 943 1848 veri
967 1819 1186 1856 perspicientia,
1217 1819 1355 1856 sagacitas
1381 1818 1504 1855 ingenii,
1534 1825 1620 1854 atque
1646 1817 1779 1846 acerrima

265 1866 365 1904 judicii
387 1869 449 1902 vis,
471 1870 625 1906 conjuncta
645 1879 710 1898 cum
731 1870 825 1899 omnis
847 1871 917 1899 boni
939 1871 1111 1907 honestique
1135 1879 1240 1906 sensu3
1272 1879 1344 1906 quae
1364 1870 1458 1899 omnia
1484 1869 1513 1898 in
1537 1870 1698 1906 priscorum
1719 1869 1781 1897 Ro-

265 1927 414 1947 manorum
439 1919 555 1955 scriptis
576 1921 678 1950 merito
704 1922 832 1951 omnium
857 1922 1072 1951 admirationem
1099 1929 1216 1951 movent
1240 1928 1326 1958 atque
1351 1929 1484 1950 amorem.
1534 1921 1558 1950 E
1582 1921 1690 1957 quibus
1710 1920 1780 1949 sub-

261 1971 327 2000 latis
345 1977 486 2008 quantum
508 1971 537 2000 in
558 1972 696 2001 bonarum
717 1973 820 2002 artium
845 1973 1064 2011 Literarumque
1090 1974 1189 2004 studia
1209 1981 1302 2003 noxae
1327 1980 1468 2007 manaret,
1490 1981 1533 2001 res
1557 1973 1618 2008 ipsa
1635 1972 1775 2008 loquitur.

1700 2021 1780 2059 Quid
