1940 2474
234 177 256 213 6
625 163 1351 205 INTRODUCTIO'.

237 286 255 302 ,‚
278 264 346 301 quia
365 270 425 293 non
444 261 582 299 dependet
604 267 639 289 ex
653 258 756 288 mentis
776 256 915 295 imperio,
936 257 1005 286 haec
1023 256 1099 286 actio
1121 260 1210 284 motus
1225 252 1326 284 vitalis
1347 257 1392 281 est
1411 251 1562 282 dicenda.'’
1601 251 1657 284 Sed
1676 253 1742 292 ipse

238 317 288 346 Cl.
315 316 400 345 Cart.
431 316 552 353 Spreug.
582 311 698 341 sibimet
725 309 886 340 contrarius
905 309 1038 343 videtur,
1064 308 1132 337 dum
1158 305 1226 336 alibi
1249 305 1305 343 J'am
1330 304 1365 333 de
1386 304 1510 334 Gortero
1530 305 1593 343 (9)
1620 305 1740 336 dixerit:

239 389 257 404 „
276 369 318 396 Er
339 366 439 395 weiset
461 365 526 394 sehr
545 370 615 401 gut,
641 363 707 392 dass
731 361 808 391 diese
829 361 915 390 vitale
934 359 1096 396 Bewegung
1121 356 1174 386 auf
1197 357 1278 386 keine
1297 356 1384 384 weise
1409 355 1461 384 mit
1481 356 1535 384 den
1559 355 1741 394 Wirkungen

239 440 257 455 „
278 419 326 447 der
345 416 511 447 Federkraft
541 425 580 445 zu
600 414 795 444 verwechseln
812 411 894 449 sey.'’
935 410 1062 439 Tandem
1084 409 1151 438 haec
1169 408 1253 437 habet
1274 408 1322 437 Cl.
1345 407 1429 436 Cart.
1453 408 1593 446 Spreng.:
1619 427 1637 444 „
1652 407 1742 437 Noch

237 491 255 507 ,‚
276 470 365 499 fehlte
385 478 414 498 es
443 477 478 498 an
501 468 701 502 Bestimmung
726 465 773 494 des
796 463 983 500 eigentlichen
1002 462 1095 491 Sitzes
1117 461 1210 490 diezer
1225 461 1300 490 kraft
1321 467 1378 489 ete.
1402 480 1410 490 .
1437 481 1444 489 .
1468 460 1506 489 .''
1533 461 1646 498 interim
1668 460 1744 490 Gor-

235 534 314 556 terus
338 526 472 555 distincte
493 522 581 553 dixit:
612 543 631 557 „
648 519 725 550 omni
745 518 866 547 fibrosae
885 522 1045 544 structurae
1066 513 1283 543 adscribendum
1304 520 1368 541 esse
1387 518 1496 541 motum
1515 512 1663 541 vitalem.”
1702 512 1742 541 Et

236 578 292 606 hoc
313 578 358 605 vel
375 577 437 613 ipse
457 575 542 605 Cart.
566 574 688 612 Spreng.
710 572 810 600 iterum
829 569 980 603 concedit,
1001 568 1070 595 dum
1084 565 1169 603 dicit:
1200 586 1217 601 ‚,
1235 566 1314 603 (10)
1334 565 1441 594 Gorter
1456 564 1505 593 liat
1520 565 1571 593 das
1591 564 1746 594 Verdienst

250 629 325 662 ‚⁴de1
354 626 532 655 deutlichern
554 624 740 659 Darstellung
762 621 810 650 der
832 620 956 649 Gesetze
979 619 1027 646 der
1043 618 1209 654 Erregung,
1239 626 1273 645 5ο
1293 617 1348 645 wie
1372 624 1401 644 er
1426 616 1506 645 darin
1531 615 1623 645 selbst
1648 616 1748 646 weiter

240 700 257 714 „
279 679 320 708 als
347 678 453 706 Haller
479 677 547 713 ging
556 697 566 712 ,
595 676 661 704 dass
686 682 714 702 er
739 680 836 701 ausser
856 672 910 700 den
933 670 1074 699 Muskeln
1098 670 1171 698 allen
1197 669 1317 706 ubrigen
1342 668 1432 697 fibern
1448 668 1496 696 des
1518 667 1644 703 Korpers
1667 667 1747 696 dieze

241 750 258 766 ,,
280 730 365 758 vitale
383 730 451 758 Bew
453 736 546 765 egung
568 725 732 755 zuschrieb.
735 724 755 737 '⁹

275 782 321 810 Ex
342 781 422 809 hisce
443 780 531 816 igitur
548 778 683 807 omnibus
702 777 779 814 J'usta
798 776 913 804 videtur
933 773 1103 809 conclusio,
1125 772 1264 801 affirmans
1283 770 1441 799 Gor-terum
1460 776 1611 805 nostrum,
1633 769 1659 798 si
1674 769 1748 799 Hal-

237 833 297 861 les-0
322 832 355 860 ab
376 832 428 859 hac
454 837 532 867 parte
556 829 630 857 viam
654 836 714 856 non
736 827 893 862 aperuerit,
923 834 981 861 qua
1006 826 1041 853 ad
1068 833 1147 853 suam
1176 821 1374 851 irritabilitatis
1395 821 1548 850 Theoriam
1567 821 1746 858 pervenerit,

238 885 334 913 saltem
358 891 423 911 cum
448 882 503 910 hoc
528 880 598 908 Viro
618 879 664 907 Ill.
686 878 804 906 eundem
827 876 965 905 tramitem
988 875 1078 904 fuisse
1093 881 1238 903 secutum.

279 935 355 963 Haec
374 933 487 962 exculta
507 932 540 960 de
558 931 586 959 vi
609 929 689 958 vitali
706 929 836 958 doctrina
857 936 890 955 co
912 927 1030 955 adduxit
1050 925 1192 962 Physieos
1215 923 1428 952 recentissimos
1449 923 1596 958 Rcilium,
1617 924 1748 952 Anthen-

243 987 401 1020 rieshiizm,
424 984 569 1018 aliosque,
595 987 628 1009 ut
646 990 660 1009 a
682 980 821 1008 mixtione
835 978 1038 1014 qualicumque
1054 976 1205 1012 pendentia
1219 975 1247 1004 in
1268 983 1391 1011 corpore
1407 975 1542 1010 organico
1558 974 1752 1011 phaenomena

241 1046 300 1066 non
331 1035 456 1072 amplius
482 1043 496 1062 e
524 1032 644 1062 Chemia
668 1030 844 1065 universali,
867 1030 918 1058 sed
947 1038 961 1057 e
990 1027 1126 1065 singulari
1160 1027 1243 1062 quasi
1266 1026 1381 1062 propria
1409 1026 1525 1062 corpori
1550 1026 1660 1055 viventi
1681 1025 1752 1059 deri7

240 1089 380 1118 vaverint.
422 1087 497 1115 Inter
518 1084 585 1114 haec
609 1082 757 1112 mixtionis
776 1082 971 1117 phaenomena
1001 1079 1055 1107 hoc
1079 1087 1195 1114 quoque
1224 1084 1265 1106 est
1289 1078 1324 1106 de
1353 1077 1459 1106 unione
1481 1076 1753 1114 particular-umulf

241 1141 373 1169 tiinarum
401 1142 618 1174 argumentum,
640 1135 708 1163 dum
729 1133 914 1170 potissimum
937 1131 1105 1167 disputant,
1135 1138 1194 1159 non
1215 1138 1249 1158 ex
1270 1129 1420 1165 affinitate,
1444 1136 1504 1158 non
1526 1137 1560 1158 ex
1583 1128 1753 1158 attractione

245 1189 420 1224 universali,
441 1197 501 1217 non
525 1196 559 1216 ex
581 1187 610 1216 vi
630 1185 834 1222 qualicumque
855 1183 1027 1220 corporibus
1051 1182 1174 1211 mortuis
1195 1181 1312 1218 proprii
1331 1190 1417 1218 posse
1438 1181 1632 1217 phaenomena
1649 1188 1755 1217 corpo-

242 1244 281 1272 ris
305 1242 365 1271 vivi
386 1239 524 1277 intelligi,
547 1245 634 1275 atque
653 1238 722 1266 adeo
750 1236 778 1265 in
799 1235 850 1264 alia
867 1243 971 1269 causa,
994 1234 1023 1263 in
1039 1234 1068 1262 vi
1086 1234 1186 1268 vitali,
1211 1233 1341 1268 scilicet,
1360 1232 1482 1270 positam
1504 1240 1567 1261 esse
1585 1232 1753 1261 voluerunt.

281 1294 336 1322 His
362 1291 527 1329 praemissis
548 1290 583 1318 de
602 1289 711 1326 origine
728 1286 906 1324 quaestionis
927 1285 1112 1323 propositae,
1142 1286 1214 1314 hanc
1239 1285 1308 1313 mihi
1329 1284 1554 1321 pertractandam
1577 1291 1661 1312 sumo
1686 1289 1757 1324 qua·

241 1352 309 1375 tuor
333 1343 521 1380 sequentibus
543 1341 711 1377 Capitibus.

282 1397 375 1436 Caput
396 1395 529 1423 Primam
566 1399 732 1430 argumenta
755 1391 908 1428 praecipua
936 1395 1076 1425 exponet,
1108 1389 1214 1424 quibus
1238 1388 1405 1424 opinionem
1434 1395 1514 1416 suam
1542 1386 1676 1420 firmant,
1706 1383 1759 1420 qui

245 1454 377 1477 statuunt
394 1446 520 1476 ultimam
541 1445 676 1474 rationem
697 1443 812 1472 unionis
835 1441 1042 1478 principiorum
1068 1439 1189 1476 partium
1208 1439 1424 1475 organicarum,
1446 1447 1461 1466 a
1485 1446 1542 1473 qua
1559 1437 1659 1465 harum
1677 1441 1760 1465 natu-

244 1509 274 1528 ra
298 1500 419 1536 pendet,
441 1507 474 1526 ex
495 1497 627 1526 affinitate
648 1495 785 1525 Chemiea
801 1493 963 1522 corumdem
986 1492 1020 1520 ad
1039 1500 1069 1519 se
1091 1490 1212 1519 invicem
1236 1490 1356 1527 generali
1381 1489 1510 1526 pendere.

286 1552 381 1589 Camt
403 1548 563 1578 Secundum
588 1553 752 1585 argumenta
780 1545 934 1582 praecipua
955 1543 1118 1577 exhibebit,
1147 1542 1253 1577 quibus
1280 1541 1380 1577 opinio
1406 1541 1534 1569 filinatur
1561 1547 1675 1574 eorum,
1706 1536 1759 1572 qui

249 1608 398 1636 statuunt,
424 1602 547 1629 camdem
572 1599 707 1628 rationem
731 1598 917 1634 quaerendam
940 1603 1002 1624 esse
1022 1594 1051 1622 in
1068 1593 1207 1630 singulaii
1226 1593 1254 1621 vi
1278 1593 1378 1627 vitali,
1406 1600 1464 1620 non
1487 1597 1596 1619 tantum
1620 1590 1654 1619 ab
1675 1587 1762 1621 affiui-
1790 1599 1791 1602 ¹

245 1659 303 1681 tate
323 1653 460 1681 Chemica
484 1652 614 1685 diversa,
637 1659 734 1680 verum
759 1649 841 1678 etiam
867 1647 908 1676 illi
931 1647 960 1675 in
984 1646 1093 1683 agendo
1113 1646 1144 1672 br
1140 1645 1189 1673 ud
1214 1653 1271 1673 uno
1290 1644 1377 1673 titulo
1398 1643 1547 1679 oppositi.

286 1704 381 1742 Caput
404 1704 532 1731 Tertium
555 1703 588 1731 dc
608 1702 641 1730 iis
668 1709 746 1738 aget,
776 1708 848 1736 quae
869 1707 903 1728 ex
924 1697 1115 1735 argumentis,
1134 1697 1168 1725 ab
1191 1699 1312 1732 uti-alque
1330 1703 1409 1733 parte
1425 1696 1459 1724 ad
1481 1693 1676 1730 quaestionem
1695 1691 1762 1721 illu-

247 1756 389 1784 strandam
410 1755 522 1789 allatis,
544 1754 677 1782 videntur
697 1752 792 1788 sequi.

287 1808 378 1844 Caput
400 1805 551 1848 ,Quartum
570 1813 653 1834 usum
672 1813 707 1833 ex
728 1802 906 1840 praecedenti
925 1801 1167 1837 contemplatione
1184 1800 1217 1828 ad
1239 1799 1438 1835 Pathologiam
1452 1797 1521 1826 011111
1537 1795 1759 1824 redundaturum

248 1864 403 1894 proponet.

1450 1881 1760 1917 COMMENTATIO

279 1967 323 1989 (9)
339 1963 363 1985 In
379 1964 458 1985 eodem
477 1963 589 1985 volumine
606 1962 680 1992 operis
697 1961 774 1990 citati,
795 1967 843 1989 pag.
862 1959 991 1988 159-160.
1021 1982 1026 1986 ,

278 2005 337 2026 (1ο)
357 2006 371 2026 Ι.
388 2006 404 2026 Ι.
425 2010 474 2032 pag.
492 2006 537 2027 160.
