1940 2474
512 154 1030 190 COMMENTATIO
1097 155 1375 190 MED1CA'.·
1656 158 1700 192 33

176 245 341 281 admoveri,
369 244 440 281 quin
458 244 591 273 affinitate
608 244 684 273 dicta
705 244 734 272 in
755 251 785 272 se
805 241 925 271 invicem
943 249 1046 278 agant,
1068 249 1153 279 atque
1173 244 1245 272 adeo
1263 244 1325 280 eJ'us
1349 243 1492 272 affinitatis
1515 251 1577 273 esse
1593 244 1694 274 debere

176 298 311 326 effectum
335 297 365 325 in
389 296 578 325 moderamine
599 295 766 330 mixtionis,
789 294 904 323 unionis
924 301 952 323 et
965 296 1150 325 cohaesionis
1175 305 1329 333 corporum
1351 297 1560 334 organicorum.

217 351 430 389 Argumentum
453 349 605 379 secundum
629 350 731 384 docet,
757 349 981 386 compositionem
1006 357 1106 377 novam
1126 350 1294 385 organicam
1318 349 1553 388 qualemcumque
1570 359 1605 379 ex
1627 351 1697 379 Che-

177 404 260 431 mt'ct's
279 401 386 440 legibzts'
406 403 518 439 egregie
533 408 611 439 posse
632 400 769 437 intelligi.
811 399 854 428 Ut
877 399 944 431 haec
972 398 1063 427 thesis
1093 398 1230 435 probetur
1255 406 1380 435 quatuor
1404 401 1545 430 sectiones
1574 401 1698 431 afferun-

177 459 245 489 tur,
267 462 338 490 quas
359 462 435 482 nunc
461 454 558 482 eodem
583 453 681 481 ordine
699 451 821 480 refutare
846 451 922 479 licet.

215 505 239 533 Ι.
263 506 354 533 Sectio
380 505 499 541 exponit
524 505 694 544 fcszaloglam
720 504 800 531 inter
828 502 1100 540 crystallisationem
1131 510 1158 532 et
1185 505 1358 533 creationem
1389 506 1517 543 corporis
1549 505 1692 542 organici.

176 555 292 585 Interim
305 577 314 591 ,
340 556 364 584 si
382 556 448 592 quis
467 565 517 592 per
529 562 618 584 vunam
642 562 700 583 rem
719 555 832 583 alteram
855 555 994 591 explicare
1010 555 1154 590 voluerit,
1178 555 1271 592 primo
1295 557 1328 584 de
1352 556 1414 592 ipsa
1433 564 1490 585 una
1513 565 1542 585 re
1563 563 1696 585 constare

174 607 279 642 debet,
303 608 382 642 quod
410 607 441 635 fit
466 607 678 636 determinando
706 615 756 642 per
779 606 942 642 adaptatum
963 611 1068 634 nomen
1088 615 1225 641 sensum,
1248 607 1300 642 qui
1320 606 1345 634 ei
1368 607 1501 643 affigitur.
1541 607 1602 644 Jam
1623 615 1693 636 vero

175 663 209 687 ut
229 667 279 695 per
294 658 566 695 *crystalllsationem
593 658 736 696 generatio
759 657 935 693 explicetur,
964 657 1087 693 primum
1111 657 1353 686 determinandum
1380 664 1446 693 est,
1475 658 1545 693 quid
1572 659 1610 686 sit
1631 658 1695 693 ipsa

171 711 405 748 crystallisatio?
433 711 510 740 Haec
533 711 619 748 igitur
643 709 749 738 dicitur
771 709 819 737 illa
838 707 1049 745 principiorum
1072 707 1161 742 unio,
1184 716 1239 742 qua
1264 716 1386 743 corpora
1410 709 1548 744 regularia
1569 708 1694 737 forman-

172 763 238 799 t'nr,
273 771 300 792 et
321 765 356 793 ad
376 764 460 800 cujus
485 762 636 792 essentiam
661 760 783 796 pertinet
807 760 900 788 omnis
923 757 1075 785 fluiditatis
1102 758 1240 786 absentia.
1285 759 1364 787 Illam
1393 758 1467 787 enim
1495 759 1589 787 minus
1618 762 1694 788 recte

172 824 282 854 aquam
300 813 551 850 crystallisationis
570 812 675 840 dictam
691 819 750 839 non
773 818 835 839 esse
856 818 978 846 aquam,
1000 810 1050 839 sed
1073 811 1212 847 glaciem,
1235 812 1255 839 i.
1275 820 1300 840 e.
1322 821 1428 848 corpus
1448 813 1590 849 solidum,
1615 820 1693 843 extra.

172 866 364 896 dubitationis
383 866 468 894 aleam
489 864 617 900 positum
636 872 697 892 esse
715 863 837 891 videtur.
876 862 994 890 Interim
1016 862 1041 890 si
1062 862 1127 891 talis
1151 862 1280 891 definitio
1304 864 1433 892 desumta
1458 873 1491 893 ex
1517 865 1602 893 certis
1622 873 1691 894 con-

172 918 354 951 ditionibus,
377 916 430 944 sub
450 915 558 951 quibus
581 915 652 943 solis
674 915 772 943 locum
793 914 878 942 habet
899 919 926 941 et
944 913 1042 941 locum
1063 913 1165 942 habere
1184 920 1282 950 potest
1302 916 1522 952 c1·ystallisat10‚
1543 916 1582 945 sit
1604 925 1690 952 vera,

168 965 251 998 issam
272 968 351 996 hisce
368 966 515 1003 requisitis
535 966 701 995 destitutam
722 965 824 994 falsam
851 973 914 994 esse
941 965 1133 993 certissimum
1155 971 1217 1001 est,
1246 966 1384 1001 quoniam
1411 966 1441 995 in
1466 976 1559 996 rerum
1588 974 1691 997 natura

162 1018 281 1048 imnum
302 1019 375 1047 inter
389 1027 455 1048 vera
470 1025 498 1047 et
522 1017 593 1047 falsa
609 1017 733 1045 medium
759 1017 851 1046 datur.
892 1015 1027 1045 Attamen
1051 1015 1110 1051 illi,
1133 1016 1185 1052 q¹ui
1208 1017 1415 1053 generationem
1436 1026 1503 1046 cum
1523 1027 1554 1046 ea
1573 1027 1691 1054 compa-

168 1078 287 1105 ravere,
315 1071 397 1099 aliam
419 1070 613 1100 definitionem
636 1077 779 1098 assumere
798 1068 921 1103 debent,
945 1074 974 1096 et
996 1067 1111 1103 quidem
1133 1068 1304 1104 specialem,
1327 1078 1399 1105 quae
1420 1069 1474 1098 sub
1502 1070 1565 1099 aliis
1590 1069 1692 1099 concli-

168 1116 299 1151 tionibus
319 1123 470 1152 obtineret.
512 1121 613 1151 Talem
630 1128 723 1150 autem
748 1128 807 1149 non
829 1128 916 1157 posse
932 1119 1079 1155 obtinere,
1096 1127 1148 1149 nec
1170 1120 1295 1156 amplius
1317 1128 1380 1149 esse
1394 1120 1687 1157 crystallisationem‚

167 1179 202 1202 ex
224 1182 310 1210 supra
328 1175 413 1203 dictis
435 1180 524 1211 patet.
565 1174 645 1210 Ergo
666 1180 757 1209 quum
776 1179 835 1201 non
856 1171 914 1200 nisi
936 1179 1042 1201 nomen
1060 1180 1212 1201 commune
1237 1171 1339 1201 habeat
1361 1171 1408 1199 hic
1432 1171 1624 1208 generationis
1641 1179 1688 1201 ex-

168 1225 318 1265 plicandae
340 1227 461 1261 modus,
491 1216 636 1263 rejiciatur
659 1232 775 1253 necesse
798 1230 852 1252 est.
909 1223 974 1251 Idea
993 1222 1067 1251 enim
1093 1221 1227 1258 corporis
1250 1222 1434 1258 crystallisati
1455 1230 1571 1250 omnem
1593 1221 1690 1250 humi-

168 1275 286 1305 ditatem
306 1276 452 1312 excludit,
475 1283 503 1304 et
523 1276 553 1304 in
572 1275 651 1304 omni
677 1282 799 1310 corpore
813 1273 950 1310 organico
971 1273 1039 1309 plus
1058 1273 1192 1303 minusve
1212 1273 1333 1309 liquidi,
1356 1279 1390 1301 ut
1404 1273 1600 1302 conditionem
1625 1273 1689 1303 sine

169 1329 227 1362 qua
246 1326 331 1363 non,
353 1337 498 1357 assumere
516 1326 734 1368 exobscrvatis
759 1325 901 1362 cogimur.
946 1325 1008 1361 Jam
1028 1333 1096 1353 vero
1119 1324 1268 1360 quomodo
1291 1325 1363 1353 duae
1386 1324 1568 1353 conditiones
1591 1333 1690 1353 neces-

168 1379 276 1415 sariae,
302 1377 357 1409 sibi
381 1386 475 1408 tamen
499 1378 583 1415 plane
604 1377 773 1418 oppositae,
799 1377 832 1406 in
849 1383 909 1406 uno
932 1376 1089 1415 eodemque
1111 1384 1232 1416 corpore
1252 1376 1339 1407 simul
1361 1383 1529 1405 concurrere
1550 1376 1684 1412 possint,

162 1430 298 1466 equidem
321 1439 379 1459 non
394 1432 489 1460 video.

200 1481 273 1522 1391]
296 1482 410 1517 quidem
439 1482 614 1519 diffitendum
637 1491 709 1519 est,
726 1484 774 1512 hic
802 1484 928 1520 aliquam
951 1491 1016 1513 esse
1040 1484 1136 1520 quoad
1162 1483 1284 1512 formam
1307 1487 1450 1511 externam
1480 1479 1554 1509 inter
1575 1486 1686 1508 utmm·

168 1540 226 1568 que
249 1533 467 1568 phaenomenon
491 1535 738 1572 convenientiam3
763 1537 812 1564 sed
828 1535 965 1572 principii
981 1535 1056 1564 foret
1078 1534 1201 1572 petitio,
1224 1533 1248 1562 si
1271 1534 1336 1562 inde
1355 1533 1390 1561 ad
1414 1539 1515 1560 causae
1531 1530 1685 1566 utriusque

165 1584 354 1620 phaenomeni
381 1585 608 1615 convenientiam
633 1588 861 1617 concluderetur.
915 1587 957 1615 Ut
987 1587 1022 1615 de
1048 1585 1251 1616 convenientia
1281 1586 1354 1614 inter
1378 1592 1534 1620 utrumque
1555 1583 1683 1619 phaeno-

166 1642 271 1665 menon
293 1643 456 1672 constaret,
477 1638 591 1666 deberet
613 1638 696 1667 etiam
719 1646 799 1668 antea
820 1638 954 1676 probari,
975 1638 1250 1676 crystallisationcm
1267 1637 1433 1665 Chemicam
1450 1644 1484 1664 ex
1505 1635 1600 1663 eadem
1617 1642 1684 1662 cau-

167 1689 200 1717 sa
225 1689 362 1723 pendere,
385 1698 419 1718 cx
448 1698 503 1725 qua
529 1689 662 1719 formatio
684 1691 816 1728 corporis
841 1691 985 1729 organici,
1014 1701 1087 1729 quae
1110 1692 1145 1721 ad
1166 1690 1315 1727 imaginem
1341 1689 1473 1725 corporis
1500 1685 1687 1724 crystallisati

167 1737 282 1766 videtur
305 1739 396 1768 nasci.
446 1740 511 1769 Hoc
541 1742 638 1778 ipsum
661 1743 796 1779 probavit
821 1752 923 1779 nemo,
950 1753 1002 1773 nec
1029 1743 1128 1780 potuit
1150 1741 1286 1779 probari,
1307 1741 1365 1769 imo
1383 1737 1558 1767 contrarium
1584 1735 1683 1764 locum

168 1789 270 1818 habere
288 1790 353 1819 inde
374 1800 441 1820 mox
463 1794 588 1830 patebit,
612 1796 691 1830 quod
715 1796 743 1824 in
766 1796 844 1824 omni
870 1794 1112 1832 crystallisatione
1135 1793 1202 1821 unio
1223 1792 1273 1821 fiat
1297 1792 1371 1819 inter
1393 1789 1549 1818 moleculas
1580 1786 1683 1815 homo-

167 1849 288 1879 geneas,
309 1843 376 1871 dum
398 1844 501 1873 creatio
526 1854 680 1882 corporum
706 1847 907 1883 organicorum
932 1848 1051 1883 pendeat
1073 1845 1107 1874 ab
1131 1844 1239 1873 unione
1258 1841 1464 1879 particularum
1482 1840 1683 1874 heterogcnea-

169 1902 244 1922 rum.
282 1893 349 1938 Hoc
374 1895 462 1931 igitur
489 1905 687 1934 argumentum
709 1906 742 1927 co
765 1898 854 1932 redit,
884 1904 916 1926 ut
942 1896 1120 1934 hypothesin
1147 1894 1271 1930 explicet
1298 1901 1332 1921 ex
1357 1889 1530 1927 hypothesi,
1559 1890 1594 1917 de
1621 1888 1680 1924 qu&

168 1953 227 1973 non
256 1952 367 1974 tantum
394 1948 468 1978 haud
499 1950 568 1979 satis
597 1957 729 1987 constat,
758 1951 807 1980 sed
828 1958 900 1987 quae
927 1956 1022 1978 revera
1051 1948 1081 1978 in
1107 1946 1234 1977 Naturae
1261 1941 1460 1985 observatione
1483 1948 1542 1972 non
1565 1940 1678 1970 videtur

166 1996 296 2026 flmdata.

956 2039 981 2068 Ε
1642 2027 1679 2056 11.
