1960 2500
673 161 1137 203 ORATIO.
1620 166 1665 214 37

142 271 298 315 tei-ario,
326 270 364 305 in
391 268 493 304 initio
517 265 600 302 anni
628 265 783 309 indicto,
811 263 925 312 Regis
948 262 1137 299 voluntate
1164 262 1358 298 constituta
1380 262 1540 310 praemia
1566 264 1660 299 obti«

142 322 311 378 n'uerint‚
350 338 383 368 et
415 338 455 366 ut
490 329 577 364 haec
607 328 765 376 singulis
798 325 958 373 praemia
994 323 1140 372 publice
1173 323 1466 370 distribuantur,
1503 338 1659 374 quorum

142 394 456 430 commentationes
483 392 526 427 de
554 390 777 439 argumentis
801 386 998 437 propositis
1025 386 1250 432 conscriptae
1277 385 1344 420 ho‘c
1371 385 1509 421 honore
1529 371 1662 436 dignae

140 456 325 503 judicatae
353 455 435 491 sint.
487 454 535 489 Et
561 452 650 488 mihi
677 451 825 501 quidem
852 449 1011 486 omnium
1038 447 1156 496 primo
1181 447 1269 485 haec
1304 446 1435 496 obtigit
1466 448 1660 496 voluptaS,

141 525 183 553 ut
210 531 281 553 non
308 530 416 554 unum
445 524 554 565 atque
576 515 730 552 alterum
744 542 756 559 ‚
786 513 848 549 sed
872 524 1000 548 novem
1026 522 1221 560 generosae
1255 508 1389 544 indolis
1411 510 1565 557 juvenes
1586 510 1663 554 fle,

140 580 197 628 gis
215 581 358 617 nomine
379 580 448 615 hoc
461 579 602 627 possim
624 575 762 612 afficere
782 576 936 611 honore.

185 703 247 740 Ad
269 703 345 740 Vos
362 704 476 752 igitur
495 714 550 738 me
578 710 767 746 converm,
793 700 952 737 Juvenes
980 697 1308 746 praestantissimi,
1337 695 1424 746 qui,
1454 696 1659 733 illustrium

135 764 353 800 Academiae
391 764 615 801 curatorum
645 765 856 808 voluntate,
891 761 1107 796 honoratum
1133 760 1240 795 illum
1266 759 1372 795 hodie
1398 759 1580 806 occupatis
1606 759 1661 794 lo-

136 838 240 871 cum,
268 839 342 874 quo
372 825 416 861 ab
446 826 638 870 omnibus,
667 825 730 873 qui
761 825 807 860 ad
836 824 969 860 festum
995 823 1093 859 hunc
1120 823 1214 858 diem
1241 821 1551 861 condecorandum
1577 833 1661 857 con-

135 885 346 932 fluxerunt,
377 889 537 936 conspici
559 888 732 935 possitis,
759 895 933 936 tanquam
950 885 1111 934 praemio
1130 884 1232 933 digni
1250 884 1446 933 eodemque
1471 883 1577 919 hodie
1599 895 1660 918 or-

133 948 258 985 nandi.
314 949 512 994 Videlicet,
549 949 712 984 examine
747 961 791 983 ex
826 949 905 1007 lege
943 947 1136 991 instituto,
1189 947 1382 995 apparuit,
1419 958 1546 982 revera
1579 945 1660 981 Vos

132 1022 256 1046 omnes
282 1011 433 1046 illarum
461 1011 821 1055 commentationum,
858 1009 996 1059 quibus
1021 1020 1151 1044 nomen
1171 1007 1472 1055 subscripsistis,
1504 1015 1537 1042 et
1564 1019 1660 1056 quae

131 1072 292 1120 praemio
319 1073 450 1120 dignae
465 1064 649 1120 judicatae
667 1079 771 1116 sunt,
801 1080 964 1107 auctores
982 1083 1083 1116 esse3
1112 1068 1248 1118 quibus
1273 1069 1387 1115 adeo,
1417 1076 1456 1104 ut
1476 1077 1508 1105 et
1527 1067 1658 1107 absen-

127 1134 180 1179 ti,
209 1142 243 1169 et
262 1134 459 1181 Gottingae
485 1133 631 1182 quidem
660 1133 854 1168 literarum
880 1145 991 1168 causa
1015 1131 1125 1166 hodie
1155 1131 1316 1167 versanti
1345 1141 1651 1178 BROUW-ERO,

113 1202 347 1243 ’reportatam
378 1196 517 1230 meritis
544 1195 677 1231 vestris
703 1195 864 1243 palmam
893 1207 937 1229 ex
966 1193 1085 1229 animo
1121 1193 1301 1242 gratulor.
1362 1191 1411 1228 Et
1435 1191 1655 1228 Academiae

109 1247 196 1292 ‘'hoc
218 1258 384 1306 gratulor
407 1257 583 1306 gaudium
597 1285 609 1303 ‚
638 1257 736 1306 quod
762 1270 833 1293 non
857 1256 902 1292 ad
923 1256 1066 1291 irritum
1082 1263 1210 1291 nostra
1221 1254 1394 1294 ceciderit
1414 1254 1651 1303 exspectatior:

113 1318 225 1367 »quod
247 1331 361 1367 quum
382 1319 478 1364 Vos,
505 1327 626 1355 vestra
656 1319 693 1355 in
721 1319 853 1356 studiis
871 1317 1265 1368 persequendisopera
1283 1325 1316 1352 et
1332 1317 1540 1365 diligentia,
1558 1309 1657 1352 'effc-

111 1381 272 1427 'ceritis‚
300 1381 390 1430 quid
415 1382 613 1429 jucundius
641 1394 720 1417 esse
742 1382 882 1430 possit,
903 1389 1023 1430 ‘quam
1043 1380 1134 1422 huic,
1154 1380 1272 1414 animo
1299 1391 1405 1413 suam
1420 1377 1570 1426 publice
1586 1376 1654 1412 tri-

127 1440 239 1477 buere
266 1443 437 1479 laudem?
487 1443 624 1479 Eorum
648 1444 741 1480 inter
774 1443 873 1489 Vos,
901 1443 968 1492 qui
989 1441 1199 1478 difficillimo
1227 1440 1297 1475 illo
1326 1448 1509 1487 tempore,
1542 1449 1655 1487 quun}

112 1510 185 1537 'res
202 1502 350 1550 publica
371 1505 405 1538 in
426 1513 627 1540 extremum
646 1505 804 1540 adducta
832 1512 925 1539 essct
953 1503 1146 1539 discrimen
1160 1530 1171 1546 ,
1201 1502 1336 1550 gladiis
1354 1501 1504 1537 accincti
1522 1500 1655 1536 Musa-

105 1573 208 1600 ·rum
225 1567 521 1602 consuetudinem
544 1567 796 1615 reliqueratis,
825 1573 925 1601 tanto
944 1565 1065 1613 magis
1084 1564 1268 1600 laudanda
1288 1572 1343 1599 est
1364 1562 1567 1598 industriae
1592 1572 1654 1597 as-

126 1627 306 1673 siduitas,
334 1620 409 1676 quo
429 1628 652 1664 luculentius
677 1636 871 1676 appareat,
899 1628 936 1662 in
967 1628 1100 1664 studiis
1129 1627 1320 1661 literarum
1347 1626 1401 1660 rei
1420 1635 1599 1660 summam
1617 1629 1657 1658 et

104 1701 106 1703 ’
127 1680 230 1724 antea
249 1689 343 1737 apud
369 1690 444 1725 Vos
463 1691 580 1726 fuisse
607 1699 642 1726 ct
666 1691 882 1738 perstitisse.
934 1689 983 1725 Et
1001 1689 1077 1736 jam
1105 1688 1254 1724 honesta
1286 1686 1363 1723 Vos
1384 1698 1505 1721 omnes
1525 1695 1650 1721 aemu⁴

124 1749 213 1785 latio
246 1751 424 1797 incendit,
453 1760 487 1787 et
515 1753 563 1788 acl
588 1753 866 1788 concertandum
893 1752 1085 1790 excitavit:
1123 1750 1231 1797 cujus
1261 1748 1407 1797 quidem
1443 1745 1653 1787 certaminis

125 1809 362 1848 honorificum
384 1811 498 1848 Vobis
519 1815 656 1850 exitum
681 1827 781 1860 esse,
808 1813 999 1850 admodum
1021 1813 1149 1849 laetor.

174 1872 269 1908 Ecce
297 1874 424 1910 lauros
460 1875 649 1921 victrices,
685 1876 874 1911 Musarum
910 1883 1022 1910 serta.
1079 1873 1264 1909 Nummus
1296 1882 1431 1906 aureus
1461 1876 1527 1904 est.
1584 1866 1644 1903 Ab

123 1935 196 1969 'nna
222 1943 326 1982 parte
347 1935 533 1973 Minervae
560 1939 732 1985 juvenem
754 1937 914 1985 praemio
933 1937 1084 1984 dignum
1112 1935 1317 1971 coronantis
1334 1931 1552 1979 conspicitur
1571 1926 1649 1962 effi-

125 1994 225 2043 gies,
251 2003 285 2033 et
311 1995 400 2032 haec
430 1997 701 2048 circumscripta
733 2000 926 2048 leguntur:
953 1999 1080 2035 Honos
1110 1998 1180 2035 alit
1209 2004 1324 2034 artes.
1379 1990 1648 2030 Um'versz'tatz's

898 2060 934 2097 E
957 2059 980 2094 3
1539 2051 1646 2101 Lug<
