1940 2474
387 144 949 180 COMMENTATIO
1021 146 1423 181 LITERARIA.
1617 157 1656 184 η

137 235 238 273 egerit.
286 233 364 265 Tum
389 235 515 271 plurium
542 235 731 264 recentiorum
758 233 823 262 libri
846 234 950 271 egregii
974 241 1043 263 sunt
1070 241 1098 263 et
1119 235 1343 272 jucundissimi,
1371 243 1544 271 quamquam
1571 242 1653 267 caute

139 286 265 324 legendI,
287 293 339 314 nec
364 292 467 316 temere
482 286 512 315 in
532 286 668 315 omnibus
682 285 831 321 sequendi.
874 285 1051 322 Hujusmodi
1071 293 1113 318 est
1131 295 1206 323 opus
1219 285 1365 320 Gallicum
1381 287 1502 317 Abbatis
1517 289 1560 318 Le
1575 289 1654 318 Moi-

134 348 186 372 ηε,
206 337 375 373 inscriptum
387 359 396 374 ,
418 337 649 367 Considerations
665 347 716 365 sur
730 336 875 374 l’Origt'ne
890 343 917 364 et
935 337 973 365 les
986 337 1111 375 Progres
1132 337 1179 366 des
1193 339 1283 368 Bellcs
1303 340 1419 368 Lettres
1442 341 1510 369 chez
1534 341 1573 369 les
1595 340 1653 370 Ro-

136 391 249 424 mains,
271 395 299 417 ct
319 390 356 418 les
373 398 470 418 causes
490 389 524 418 de
545 390 610 418 leur
631 388 817 423 Ddcadwcc,
841 388 920 424 quod
945 388 1054 424 prodiit
1076 389 1169 423 medio
1189 390 1293 420 Seculo
1314 392 1472 428 superiore.
1514 392 1560 422 Ex
1580 392 1652 422 Ger<

138 440 229 469 manis
247 441 303 469 huc
321 441 466 477 pertinent
484 441 542 469 duo
563 449 647 477 opera
669 440 702 470 C.
723 441 897 475 Meluerffl,
923 440 960 468 V.
981 439 1042 469 Cl.:
1073 441 1191 470 alterum
1214 441 1381 472 Gesclziclzte
1402 444 1448 473 des
1465 444 1654 483 Ursprangs‚

137 493 322 530 For-lgangs,
344 492 407 521 und
425 492 556 529 Verfalls
572 492 624 522 der
647 492 886 529 W'issenschaften
911 493 942 521 in
966 491 1186 522 Grieclzenland
1207 495 1268 523 und
1284 495 1372 534 R5m,
1399 496 1506 524 editum
1535 496 1654 534 Lemgo·

136 545 203 574 viae
234 553 308 572 armo
337 545 405 579 1781
432 551 459 572 et
484 553 531 580 sq.
560 544 671 573 IIVol.
702 545 786 580 cujus
809 551 956 572 censuram
981 543 1040 580 egit
1058 553 1092 573 ex
1111 546 1290 576 nostratibus
1322 547 1371 576 Cl.
1402 547 1655 585 Wyttenhachim,

135 595 212 624 Bibl.
235 596 312 624 Crit.
340 595 372 624 P.
393 595 482 624 V111.-
498 605 529 632 p.
547 601 585 632 95
606 604 697 632 sqq.·:
715 596 834 624 alterum
859 594 1026 624 Geschichte
1053 595 1099 624 des
1124 597 1255 633 Vesfalls
1279 598 1332 626 der
1360 599 1474 634 Situm,
1505 598 1559 627 der
1583 599 1657 628 Wis-

133 646 313 683 senschctften
342 646 404 675 und
420 647 549 685 Spraclze
570 647 622 676 der
644 647 753 675 Riimer
774 648 805 675 in
826 647 879 675 den
902 653 996 675 ersten
1009 648 1253 684 jahrlmnderten
1282 653 1355 680 nach
1381 652 1492 681 Christi
1519 652 1651 689 Geburt,

135 698 320 727 Vindobonae
343 704 371 726 et
393 698 530 736 Lipsiae,
555 707 637 736 1791.
690 698 730 726 Et
752 698 782 727 hi
805 699 919 734 quidem
946 706 1015 728 sunt
1035 701 1200 737 praecipui:
1232 702 1359 738 reliquos
1381 711 1441 732 non
1463 703 1659 740 morabimur,

134 757 194 778 non
213 749 292 785 quod
314 757 413 778 eorum
439 749 573 778 laudibus
597 750 756 778 detractum
785 738 924 785 veiimus,
956 751 1005 780 sed
1028 752 1130 787 partim
1156 754 1236 788 quod
1257 762 1355 783 eorum
1384 754 1418 783 ad
1438 763 1492 784 nos
1515 763 1575 784 non
1594 763 1657 791 per-

134 800 243 829 venerit
265 800 387 836 notitia,
410 801 511 837 partim
538 801 619 836 quod
638 809 738 829 omnes
756 809 921 830 enumerare
942 803 1063 839 longum
1086 803 1136 832 sit.

172 852 229 881 His
249 852 338 889 igitur
351 853 514 888 absolutis,
537 853 573 881 ad
593 853 684 888 ipsam
698 852 859 882 Literarnm
877 853 1045 882 Latinarum
1069 855 1219 884 historiam
1242 857 1430 886 accedamus:
1460 857 1491 886 in
1517 865 1574 893 qua
1593 858 1658 893 qui-

134 903 197 931 dem
214 905 365 933 enarranda
387 904 426 932 ita
447 903 642 938 versabimur,
665 910 698 931 ut
720 904 754 931 de
776 904 899 941 singulis
927 912 1074 942 quatuor,
1097 916 1170 942 quas
1193 908 1401 944 distinximus,
1422 909 1555 945 Epochis
1579 909 1658 938 dein-

132 963 201 991 ceps
221 963 352 991 agamus.
394 955 426 984 In
445 955 547 991 primis
569 961 663 983 autem
683 955 811 984 dicemus
833 957 867 985 de
891 956 993 993 Pobsi,
1016 957 1170 994 Historia,
1191 959 1390 998 Eloquentm,
1412 960 1502 997 Juris
1519 962 1657 998 cognitio-

134 1015 188 1042 ne,
211 1013 238 1035 et
260 1006 482 1047 Philosophia,
493 1007 602 1042 quibus
623 1006 681 1035 fere
703 1007 798 1037 omnis
820 1008 1018 1039 Romanorum
1039 1011 1162 1041 eluditio
1187 1013 1407 1045 continebatur:
1437 1021 1543 1052 easque
1562 1021 1657 1047 recen·

132 1057 279 1094 sebimus,
309 1058 361 1094 qui
389 1059 424 1087 ad
447 1059 547 1087 harum
570 1064 786 1109 ceteralumque
802 1060 1001 1092 doctrinarum
1023 1063 1166 1093 culturam
1187 1065 1342 1101 plurimum
1365 1057 1656 1117 contulerul1t‚eas-

128 1112 191 1145 'que
211 1105 338 1146 Scriptis
358 1111 556 1147 explanarunt.
602 1110 664 1139 Nec
688 1117 780 1141 tamen
804 1121 920 1149 omneS,
953 1114 1005 1150 qui
1033 1116 1080 1144 vel
1106 1110 1176 1145 olim
1196 1115 1335 1153 sumunt,
1354 1103 1412 1157 ¹vel
1435 1116 1579 1155 hodieque
1607 1125 1655 1145 ex-

126 1163 226 1197 ',stant
247 1160 407 1202 Scriptores
429 1163 679 1204 enumerabimus,
703 1165 783 1201 quod
797 1165 944 1195 infinitum
960 1167 1019 1202 sit,
1043 1173 1070 1196 et
1088 1167 1123 1196 ab
1142 1167 1199 1204 iis,
1226 1176 1301 1204 quos
1325 1169 1414 1205 paulo
1437 1174 1503 1197 ante
1522 1164 1653 1198 nomina-

128 1212 248 1248 vimus,
268 1213 324 1250 iam
347 1209 441 1244 dedita
460 1223 545 1252 opera
569 1215 677 1245 factum
698 1222 752 1245 est.
793 1216 837 1245 De
855 1216 1039 1254 praecipuis,
1062 1217 1209 1256 dicemus,
1228 1226 1255 1249 et
1274 1220 1329 1249 'de
1322 1220 1358 1249 iis
1379 1219 1521 1256 maxime,
1544 1219 1594 1255 qui
1616 1218 1652 1247 il-

125 1264 270 1301 1ud‚cui
288 1273 318 1295 se
333 1266 523 1303 tradiderant,
545 1268 673 1315 studium
690 1269 735 1297 vel
759 1269 844 1321 primi
863 1269 1045 1306 intulerunt,
1066 1271 1113 1300 vel
1136 1270 1289 1309 insigniter
1309 1278 1471 1311 auxerunt,
1491 1271 1540 1303 vel
1562 1269 1650 1313 etiam,

126 1323 262 1353 perversa
280 1318 419 1348 tractandi
435 1319 549 1349 ratione
565 1311 601 1350 in
624 1324 802 1351 contemtum
824 1330 857 1351 ac
881 1307 1100 1376 desuetudinem
1124 1324 1314 1356 adduxerunt.

823 1667 965 1697 ΙΙ

942 2045 966 2074 Β
987 2055 1005 2077 2
1424 2044 1488 2076 HIS
1492 2044 1647 2084 TORIAE
