1940 2474
429 151 945 195 COMMENTATIO
1010 160 1331 194 cananea.
1589 155 1634 202 253

120 253 180 290 tis,
200 261 235 283 ex
256 251 383 289 quibus,
403 255 437 280 ut
453 249 614 280 accuratius
633 247 830 277 institueretur
848 246 1092 284 experimentum,
1113 257 1169 286 ope
1190 249 1292 279 antliae
1307 249 1502 287 pneumaticae
1514 257 1627 280 omnem

121 305 315 336 adhaerentem
331 302 419 333 aerem
439 302 605 339 depulerat,
626 300 680 329 sub
704 306 795 335 aqua,
815 298 898 328 acido
916 298 1070 329 carbonico
1091 307 1231 337 saturata,
1253 309 1381 339 magnam
1399 301 1466 338 puri
1485 309 1537 339 gaz
1554 309 1627 338 oxy-

125 356 201 394 genii
228 355 416 393 quantitatem
436 360 538 383 nactus
559 356 620 381 est.
653 350 833 380 Senebt'erius
852 350 868 387 <
875 351 915 388 3)
941 359 1060 388 quoque
1083 357 1112 381 et
1132 351 1371 390 Ingenhouszius,
1398 361 1488 389 quum
1513 353 1624 389 plantas

125 408 188 437 sole
207 407 333 436 fruentes
347 406 376 435 in
392 414 445 443 gaz
461 403 638 441 hydrogenio
658 401 869 437 collocassent,
891 402 1076 438 invenerunt,
1093 403 1123 432 id
1140 412 1191 440 gaz
1207 403 1437 433 combustionem
1456 403 1534 440 pati,
1556 402 1629 440 quae

121 464 199 488 certe
225 467 285 488 non
308 463 406 487 secuta
433 456 553 491 fuisset,
578 454 634 483 nisi
657 462 710 491 gaz
731 453 904 489 oxygenium
928 452 1002 481 foret
1029 460 1187 483 secretum:
1219 455 1290 483 idern
1312 454 1534 484 Eudiometrieis
1554 454 1626 491 peri-

120 510 197 539 culis
219 509 418 538 confirmatum
438 507 582 536 viderunt.
622 505 670 534 Sic
697 513 815 541 quoque
838 504 1061 542 Ingcnlsouszius
1085 513 1120 533 ex
1143 512 1257 534 centum
1290 505 1369 535 foliis
1398 506 1557 534 Nasturtii
1581 505 1626 534 In·-

121 561 180 589 dici
200 561 320 589 duarum
340 560 473 588 horarum
501 557 596 594 spatio
621 563 732 586 tantum
757 564 809 592 gaz
827 554 962 591 oxygenii
987 555 1160 592 acquisivit,
1185 557 1286 593 quanti
1309 565 1398 594 capax
1417 562 1461 586 est
1481 556 1628 594 cylinder,

118 611 206 649 cujus
226 611 351 639 al:itudo
374 610 513 646 aequabat
535 611 566 645 4}
586 609 662 645 poll.
687 608 822 637 diameter
846 614 911 635 vero
934 609 961 646 r}
983 605 1056 644 (4).

161 662 283 698 Neque,
307 661 374 690 licet
395 661 475 690 foliis
490 669 556 697 prae
573 660 689 689 caeteris
704 667 810 688 munus
831 657 870 686 sit
886 657 1073 693 impositum,
1097 664 1131 686 ut
1150 660 1232 688 acilo
1256 659 1409 689 cai-bonico
1431 664 1561 689 assumto
1583 667 1631 688 so·

121 713 159 743 lis
183 713 268 742 radiis
296 713 466 741 collustrata
492 713 623 741 exhalent
655 719 707 747 gaz
735 709 928 746 oxygenhrm,
958 709 1010 737 hac
1036 709 1171 738 facultate
1197 717 1319 740 caeteras
1348 711 1509 747 plantarum
1537 716 1633 746 partes

119 763 270 807 destituas
294 763 360 798 quis
383 769 487 798 putet;
510 761 652 797 quicquid
673 761 704 789 in
723 761 820 797 planta
844 760 970 789 colorem
996 760 1114 789 viridem
1145 762 1216 798 gerit
1237 762 1321 799 (5),
1348 762 1404 791 hoc
1430 770 1482 799 gaz
1504 761 1636 797 exhalav,

120 822 239 843 cormus
264 813 384 848 viridis,
407 813 497 848 rami,
520 813 625 849 calyx3
649 812 717 840 adeo
740 818 773 839 ut
792 820 887 840 carum
909 812 1086 848 plantarum,
1109 821 1182 849 quae
1205 812 1285 841 foliis
1307 819 1419 848 carent,
1441 818 1563 841 attamen
1584 820 1636 848 pa·

119 865 338 900 renchymatosa
361 863 468 892 fabrica
489 863 547 892 sint
568 863 729 900 praeditae,
758 872 875 892 cormus
895 863 1014 899 viridis,
1039 872 1064 892 e.
1089 872 1118 900 g.
1144 870 1177 892 ut
1194 871 1255 892 tum
1277 863 1393 892 caeter-Is
1414 863 1551 892 foliorum
1573 861 1632 892 offi-

121 915 177 945 ciis
199 914 351 952 fungitur,
373 914 414 944 sic
433 921 461 943 et
482 914 512 943 in
532 924 565 943 eo
589 913 659 942 folia
681 913 824 948 imitetur,
847 920 878 941 ut
905 922 956 950 gaz
980 914 1154 951 oxygenium
1175 915 1310 951 exspiret.
1350 915 1509 949 Praeterea,
1534 919 1634 950 quam-

119 966 166 996 vis
187 967 258 994 solis
281 966 422 994 influxum
447 966 516 995 adeo
538 973 672 1002 magnum
697 964 856 994 invenerint
875 964 1098 1002 Ingcnhouszius
1119 973 1146 995 et
1167 967 1365 1001 δεηεῦῐενίας,
1387 971 1440 1001 ut,
1465 974 1525 1001 quo
1544 964 1634 994 effica-

121 1016 228 1046 ciorem
249 1017 362 1053 plantae
388 1017 588 1054 experiantur,
611 1025 645 1045 eo
669 1017 803 1054 majorem
824 1024 852 1046 et
874 1018 1003 1055 purioris
1028 1028 1080 1057 gaz
1104 1019 1238 1057 exygenii
1259 1019 1446 1056 quantitatem
1468 1017 1518 1047 has
1539 1018 1634 1055 exspi-

119 1077 214 1100 rantes
238 1070 379 1106 viderint,
400 1071 545 1108 exspirant
567 1076 680 1105 tamen,
710 1076 739 1098 at
761 1070 846 1107 longe
870 1070 975 1100 minori
998 1071 1102 1107 copia,
1129 1078 1201 1106 quae
1223 1070 1253 1099 in
1282 1069 1383 1099 umbra
1407 1076 1566 1106 crescunt-3
1597 1077 1634 1100 ex

121 1122 230 1158 quibus
250 1122 339 1150 simul
359 1128 455 1158 patet,
480 1129 545 1150 vere
568 1121 738 1150 observasse
758 1121 962 1150 Botanicorum
984 1122 1144 1158 Principem
1165 1122 1328 1150 Limaeam
1350 1120 1432 1158 (6),
1459 1121 1571 1157 plantas
1599 1120 1631 1149 in

115 1174 225 1210 ,umbra
239 1181 397 1204 crescentes
412 1183 522 1204 acorem
537 1175 678 1211 quendam
690 1175 803 1204 acidum
817 1176 995 1205 contrahere.
1027 1174 1122 1203 Facile
1136 1172 1211 1202 enim
1228 1172 1415 1209 intelligimus
1428 1180 1505 1208 eam,
1526 1179 1633 1208 oxyge·

121 1226 163 1255 nii
185 1232 314 1262 partem,
344 1235 416 1262 quae
444 1232 584 1255 caeterum
612 1226 732 1256 stimulo
763 1227 838 1256 lucis
858 1227 1039 1263 exspiratur,
1068 1231 1147 1253 nunc
1173 1223 1304 1258 retineri,
1333 1221 1476 1258 aliamque
1496 1221 1635 1251 unionem

121 1284 188 1306 cum
217 1276 395 1314 hydrogenio
423 1282 450 1305 et
475 1276 613 1305 carbonio
639 1275 728 1311 inire,
757 1282 845 1312 atque
874 1276 914 1304 ita
945 1275 1020 1306 natis
1047 1273 1170 1304 diversis
1199 1273 1290 1302 acidis
1312 1279 1498 1302 memoratum
1521 1280 1630 1302 acorem

121 1326 241 1357 efficere.
279 1327 335 1357 Est
356 1327 431 1356 enim
460 1328 636 1362 notandum,
666 1327 840 1364 exygenium
861 1335 876 1355 a
896 1326 1004 1363 plantis
1031 1333 1196 1361 excretum,
1222 1325 1289 1354 licet
1311 1331 1433 1354 caeterae
1454 1324 1637 1353 oeconomiae

123 1384 240 1406 naturae
262 1377 448 1407 utilissimum
464 1398 475 1413 ,
503 1378 705 1415 vegetabilium
727 1379 836 1407 ratione
855 1378 951 1406 habita
966 1398 977 1414 ,
998 1385 1208 1407 excrementum
1235 1385 1316 1412 esse,
1345 1383 1391 1411 et,
1415 1375 1440 1404 si
1462 1375 1633 1410 retineatur,

122 1427 309 1458 functionum
331 1429 505 1458 harmoniam
534 1430 649 1458 turbare
679 1436 768 1465 atque
797 1429 994 1466 organismurn
1017 1431 1178 1458 destruere:
1209 1428 1319 1457 scilicet
1349 1428 1380 1456 in
1403 1435 1436 1455 eo
1459 1427 1562 1455 eminet
1576 1426 1634 1455 Na-

122 1485 203 1508 turae
223 1481 268 1508 vis
291 1487 376 1516 atque
400 1480 539 1515 efficacia,
570 1482 650 1510 nulla
679 1482 803 1510 humana
829 1487 888 1509 arte
911 1487 960 1508 aut
988 1479 1127 1516 sapientia
1155 1479 1337 1515 attingenda,
1367 1485 1401 1506 ne
1422 1477 1492 1506 satis
1517 1477 1632 1513 quidem

124 1531 321 1568 percipienda,
343 1537 374 1561 ut
397 1540 455 1561 non
483 1538 594 1560 tantum
619 1540 653 1560 ex
676 1540 731 1561 una
757 1540 843 1562 causa
869 1531 978 1562 multos
1001 1532 1075 1561 creet
1097 1530 1283 1569 gravissimos
1307 1529 1426 1558 effectus
1440 1550 1451 1565 ,
1478 1538 1575 1558 verum
1603 1535 1637 1558 ut

589 1583 597 1587 ”
1599 1580 1640 1609 ita

153 1669 205 1696 (3)
221 1671 284 1692 Men.
299 1669 486 1699 myrteo-chiffl,
501 1673 565 1694 Torn.
579 1672 617 1694 111.
635 1679 658 1699 p.
671 1677 722 1700 409.

152 1711 186 1739 (4
195 1710 209 1738 >
225 1712 306 1739 Exper.
320 1720 355 1734 sur
369 1714 396 1734 tos
413 1714 497 1741 Vrget„
510 1719 551 1740 par
566 1712 592 1740 J.
612 1713 749 1740 lngenlnmz,
765 1720 788 1741 p.
800 1719 835 1739 5¹-

153 1751 203 1778 (s)
220 1754 358 1780 Ingenhourz,
374 1755 430 1775 Vm.
448 1760 486 1775 met
502 1755 612 1781 Pflanztn,
628 1756 693 1776 Tom.
707 1755 723 1774 Ι.
739 1762 761 1781 p.
775 1760 816 1779 310
830 1760 852 1776 et
865 1760 914 1780 31¹-
943 1755 1049 1780 Sencssfer,
1066 1754 1131 1775 Mem.
1147 1752 1332 1779 Pkynco-Chfm„
1347 1751 1411 1772 Tom.
1425 1748 1441 1772 J.
1458 1757 1482 1778 p.
1499 1755 1546 1775 tsv.
1577 1750 1637 1773 idem

126 1793 239 1815 Rethcrch.
252 1801 286 1815 sur
300 1794 413 1822 l'r'nstusnce
425 1800 463 1817 etc.
473 1810 480 1821 ‚
495 1802 517 1822 p,
532 1801 581 1821 243.
599 1801 620 1816 et
636 1796 695 1821 Phys.
711 1796 775 1822 Veg.‚
791 1797 857 1817 Tom-
872 1796 888 1817 1.
911 1803 932 1823 p.
948 1801 997 1821 432.
1021 1801 1043 1816 et
1065 1796 1128 1817 Tom.
1143 1795 1177 1815 111.
1196 1801 1219 1821 p.
1234 1795 1281 1820 189.
1297 1798 1320 1815 et
1333 1791 1482 1818 Verhandelinff
1498 1798 1544 1813 aver
1555 1792 1588 1813 lm
1599 1797 1638 1814 nur

126 1840 151 1855 en
168 1834 205 1855 den
221 1837 279 1863 gron·
294 1836 331 1857 der
349 1837 433 1857 Baomm
451 1843 474 1857 en
493 1837 580 1857 Flamen
597 1841 626 1857 tot
645 1837 752 1864 zuivcring
770 1837 807 1858 dar
825 1837 894 1864 luam,
909 1837 956 1858 door
974 1837 998 1864 J.
1019 1837 1049 1858 R·
1064 1837 1151 1857 Delma
1170 1841 1198 1857 eu
1217 1835 1247 1856 A.
1260 1834 1322 1855 Pons
1338 1839 1379 1855 van
1394 1832 1528 1860 Trommy'k,
1548 1838 1570 1854 te
1583 1831 1640 1854 Am-

130 1876 224 1897 sternam
240 1877 299 1902 ¹720·

159 1916 205 1942 (6)
223 1918 333 1944 Senebler,
349 1917 408 1944 Phyt.
426 1917 512 1945 Vrget..
528 1919 590 1940 Tom.
608 1919 634 1940 V.
648 1924 697 1946 pag.
716 1923 763 1943 15⁷.
793 1919 901 1945 Accedit,
920 1919 980 1946 quod
993 1918 1016 1941 in
1028 1918 1108 1946 plantis
1128 1916 1149 1938 in
1165 1916 1260 1938 obscuro
1273 1915 1425 1938 crescentibus
1439 1914 1537 1937 cerbonii
1551 1913 1639 1942 quami·-

129 1961 198 1978 mem
210 1960 279 1979 multo
292 1958 400 1980 minorem
410 1959 537 1982 invenerim
549 1960 650 1988 Cfraptal,
659 1960 810 1987 Mastusiam,
826 1959 934 1987 διηιιιίιν,
949 1966 1013 1987 quam
1028 1961 1051 1982 in
1063 1958 1143 1988 plantis
1157 1958 1204 1980 soie
1219 1957 1360 1980 collustratis.
1391 1956 1442 1980 vid.
1452 1958 1560 1984 Yhomson,
1575 1956 1640 1980 Tum.

131 1996 188 2019 vm.
202 2004 225 2025 p.
239 1997 280 2024 604
295 2004 318 2020 nt
332 1999 383 2024 605.

912 2040 972 2069 Fa
