1940 2474
553 269 1278 316 INTRODUCTIO·

163 557 344 645 Quaestio
367 585 808 625 Physiologico-Pathologica‚
833 596 848 617 a
868 586 1061 616 Nobilissima
1087 587 1232 616 Facultate
1258 585 1372 617 Medica
1393 587 1527 618 Leidensi
1551 579 1684 619 Medici-⁴

159 651 213 672 nae
237 642 360 676 alumnis
383 650 448 670 eum
468 641 498 671 in
523 640 607 670 finem
626 640 795 677 proposita,
823 647 856 669 ut
876 640 951 669 vires
977 639 1006 668 in
1029 648 1060 668 ea
1082 640 1263 675 expendenda
1286 647 1432 670 exerceant
1453 642 1488 669 ad
1505 636 1675 678 disciplinae

161 700 277 724 nostrae
297 694 453 723 recentiora
475 698 603 729 tempora
623 693 757 729 pertinet.
783 700 793 709 ·

200 745 324 781 Antiqui
339 745 373 773 de
392 753 425 773 ea
443 744 611 780 quaestione
627 753 678 773 nec
694 744 894 781 cogitaverunt
911 751 964 772 nee
986 743 1111 780 cogitare
1125 749 1293 779 potuerunt.
1333 743 1377 772 De
1394 752 1479 773 causa
1500 744 1574 773 enim
1593 745 1689 784 unio-t

158 797 205 828 nis
224 787 450 833 prIncipiorum,
473 791 580 830 quibus
600 803 722 831 corpora
738 796 803 825 viva
825 802 1059 831 componuntur,
1082 803 1141 823 non
1159 801 1319 830 potuerunt
1338 795 1501 833 disputare,
1524 796 1582 824 nisi
1604 802 1672 833 post

158 846 304 884 cognitam
323 845 474 883 genuinam
499 855 613 875 causam
631 847 812 876 cohaesionis
835 855 988 883 corporum
1012 846 1256 883 qualiumcunque
1273 846 1302 875 in
1319 855 1428 883 genere.
1444 848 1689 884 „Hypothesesr

157 899 188 927 in
203 897 330 927 Naturae
344 898 544 927 observatione
565 899 641 927 haud
660 898 815 936 fundataeg,
840 899 918 934 apud
941 898 1140 927 Scholasticos
1163 898 1344 934 reperiuntur
1361 899 1474 935 quidem
1492 900 1527 927 ad
1546 900 1600 928 hoc
1626 910 1674 929 co-

158 949 304 978 haesionis
329 949 548 985 phaenomenou
572 950 772 985 explicandum
794 949 892 983 fictae,
915 949 964 977 sed
989 958 1063 985 quae
1087 949 1126 978 ita
1157 950 1192 978 ad
1217 957 1378 980 commenta
1399 956 1427 987 et
1448 950 1560 979 somnia
1578 952 1678 981 Philo-

159 1000 346 1037 sophautium
369 1000 466 1029 lmefelri
484 1007 642 1035 mer-‚entur
662 1008 694 1028 ut
708 1009 801 1029 earum
824 1009 859 1029 ne
877 1001 1050 1029 mentionem
1068 1002 1184 1037 quidem
1205 1002 1299 1031 facere
1313 1002 1359 1031 hic
1378 1011 1494 1032 necesse
1515 1004 1565 1032 sit.
1606 1004 1680 1034 Post

155 1052 281 1090 agnitam
303 1052 501 1081 attractionem
526 1052 715 1081 universalem
737 1061 752 1080 a
773 1061 886 1081 summo
915 1053 1052 1082 Newtzmo
1081 1059 1236 1082 assumtam
1265 1060 1292 1082 et
1316 1055 1555 1091 demonstratam,
1576 1055 1676 1093 genui·

157 1107 224 1134 n'am
245 1094 426 1133 cohaesionis
446 1112 561 1132 causam
584 1112 618 1133 ex
639 1104 710 1139 hac,
734 1112 807 1139 quae
826 1104 899 1132 iuter
926 1104 1084 1133 moleculas
1107 1105 1205 1133 locum
1237 1104 1339 1141 habet,
1368 1105 1537 1134 attractione
1563 1107 1679 1136 demum

157 1156 383 1186 derivaverunt.
406 1155 473 1192 Ipse
495 1157 543 1185 hic
564 1156 743 1186 attractionis
769 1157 874 1185 modus
897 1156 1022 1192 primum
1040 1164 1059 1184 a
1079 1155 1291 1192 Barchusem'o,
1316 1156 1407 1194 (olim
1427 1156 1595 1187 Professore
1612 1158 1677 1188 Me-

156 1208 268 1238 dicinae
290 1207 472 1245 TraJ'ectini)
502 1208 651 1246 affinitatis
678 1207 764 1237 titulo
791 1207 848 1236 fuit
872 1206 1041 1244 insignitus.
1085 1206 1132 1235 Ad
1159 1207 1350 1236 Immortalem
1375 1208 1589 1239 Boea-hamilem
1613 1210 1678 1248 (1)

159 1265 292 1288 nostrum
311 1259 384 1287 inter
403 1259 566 1288 innumeras
585 1259 655 1289 alias
675 1261 742 1288 haec
763 1260 845 1288 etiam
866 1259 989 1295 pertinet
1010 1259 1088 1293 laus,
1111 1259 1201 1294 quod,
1212 1259 1325 1295 primus
1345 1260 1494 1296 docuerit,
1517 1261 1589 1297 quid
1606 1263 1676 1292 haec

160 1311 199 1338 sit
215 1308 351 1346 affinitas,
373 1310 403 1339 in
417 1319 474 1347 qua
491 1311 586 1340 omnis
603 1311 741 1346 Chensta,
764 1311 829 1339 dein
843 1309 960 1338 condita
975 1309 1156 1339 et'hodierno
1171 1317 1299 1347 tempore
1314 1311 1466 1348 magnifica
1484 1313 1553 1341 adeo
1569 1313 1679 1345 ratione

157 1358 286 1397 enculta,
307 1361 425 1390 unicum
442 1361 661 1391 fundamentum
678 1362 821 1399 agnoscit.
863 1360 909 1389 Ex
922 1361 974 1389 hac
992 1360 1126 1389 affinitate
1142 1362 1349 1390 molecularum
1366 1370 1522 1399 corporum
1539 1363 1680 1396 Chemica

156 1408 222 1442 inde
237 1413 272 1441 ab
292 1421 325 1441 eo
344 1420 494 1449 tempore,
517 1417 562 1443 vel
577 1415 663 1443 tacite
684 1415 729 1443 vel
751 1413 892 1449 expressis
910 1413 1024 1448 verbis,
1049 1421 1164 1441 causam
1189 1412 1306 1442 unionis
1324 1414 1532 1450 principiorum
1546 1418 1679 1454 corporis

156 1464 241 1493 etiam
268 1465 396 1501 organici
409 1465 537 1494 derivare
550 1463 848 1501 coeperuntPhysici.
865 1479 867 1481 -
888 1463 997 1492 Nullus
1018 1470 1075 1491 erat
1091 1463 1166 1491 inter
1182 1472 1231 1492 eos
1251 1464 1418 1501 dissensusg,
1441 1472 1485 1494 ast
1500 1474 1566 1496 cum
1581 1470 1682 1498 seculo

158 1514 339 1550 praecedenti
362 1515 392 1543 in
409 1515 485 1552 leges
504 1522 531 1543 et
550 1515 651 1552 agendi
674 1515 810 1544 rationem
830 1514 874 1543 vis
899 1514 1012 1550 vitalis,
1036 1515 1120 1552 cujus
1146 1514 1276 1544 doctrina
1302 1521 1382 1544 antea
1408 1523 1466 1544 erat
1491 1517 1679 1556 abscondita,

158 1571 186 1593 et
209 1566 365 1594 sententiae
383 1567 417 1594 de
435 1566 482 1595 illa
503 1575 590 1604 vagae
610 1574 638 1595 et
657 1567 860 1602 vaccillantes,
887 1566 1012 1603 primum
1034 1566 1257 1602 inquisivissent
1283 1567 1404 1603 medici,
1431 1569 1535 1597 sensim
1564 1579 1597 1599 eo
1617 1579 1681 1607 perf

161 1619 265 1646 venere
289 1618 395 1655 multi,
421 1626 454 1648 ut
474 1628 507 1648 ex
527 1616 559 1648 cai
580 1619 788 1656 phaenomeni‚
808 1621 845 1648 rde
870 1627 929 1654 quo
952 1619 999 1647 hic
1019 1618 1129 1654 agitur,
1153 1618 1290 1647 rationem
1311 1628 1430 1655 quoque
1448 1621 1593 1656 petierint.

196 1669 267 1698 Non
284 1668 399 1706 q‘uidem
414 1670 594 1711 infitiandum
608 1677 651 1700 est
661 1692 671 1707 ,
691 1672 726 1700 ab
741 1679 798 1700 una
810 1678 908 1707 parte,
926 1672 998 1699 hanc
1013 1670 1070 1699 vim
1085 1671 1199 1699 vitalem
1209 1692 1219 1707 ,
1242 1672 1338 1707 quoad
1351 1672 1413 1709 ejus
1429 1673 1553 1702 indolem
1563 1696 1573 1710 ,
1595 1677 1680 1711 plane

159 1719 314 1749 convenire
333 1729 397 1749 cum
419 1723 528 1759 Ενᾰρμῳ
550 1721 778 1760 Hippocratico‚
801 1723 930 1757 adeoque
950 1721 1047 1757 ipsum
1067 1721 1231 1751 Medicinae
1253 1730 1362 1759 patrem
1386 1724 1414 1753 in
1437 1725 1524 1762 hujus
1543 1726 1680 1764 principii

158 1772 288 1801 ulteriori
314 1772 495 1809 indagatione
518 1773 634 1802 caeteris
661 1773 923 1811 viain-raperuisseg,
952 1775 986 1804 ab
1014 1776 1101 1805 altera
1125 1785 1193 1805 vero
1221 1783 1315 1813 parte,
1346 1777 1412 1806 loco
1434 1778 1516 1807 vocis
1542 1780 1678 1817 Ἐνορμῶν

156 1824 219 1861 jure
245 1825 287 1852 vis
311 1823 411 1853 vitalis
436 1832 486 1852 seu
505 1826 686 1863 principium
711 1827 802 1856 vitale
824 1826 1017 1856 substitutum
1047 1836 1108 1857 esse
1131 1828 1262 1864 videtur,
1293 1829 1427 1864 quoniam
1453 1830 1603 1866 nonnulli,
1627 1831 1678 1867 qui

159 1874 364 1913 Hippocratem
384 1875 475 1903 secuti
500 1883 590 1911 suut,
613 1877 686 1905 hanc
707 1886 809 1906 vocem
829 1887 894 1907 cum
918 1886 1010 1909 mente
1032 1879 1372 1917 confudisse'videntum
1404 1881 1483 1917 quod
1508 1888 1582 1910 certe
1603 1889 1680 1910 erro-

158 1935 225 1956 neas
246 1927 280 1956 de
300 1927 444 1964 principio
467 1928 547 1957 vitali
571 1929 664 1959 idaeas
683 1929 805 1961 formare
824 1931 933 1961 debuit.

1598 1984 1680 2012 Viam

185 2045 236 2073 (¹)
252 2045 318 2069 Eleus.
335 2045 402 2069 chem.
425 2047 491 2070 Tom.
511 2052 530 2072 ι.
556 2054 605 2077 pag.
622 2048 674 2077 677.
