1960 2500
680 124 1206 164 LECTIONUM.
1640 146 1679 174 u

335 221 499 252 Oratoriae
527 223 634 252 Sacrae
653 228 837 264 praecepta,
863 221 1092 264 speciminibus
1118 222 1318 266 eloquentiae
1342 225 1477 260 Biblicae
1504 229 1675 274 illustrata,

271 275 392 313 tradet,
415 274 528 306 diebus
548 276 658 306 Martis
680 281 711 305 et
733 276 835 306 Jows.
862 275 939 305 hora
957 275 979 306 1.

335 328 549 360 Dialectorum
581 326 794 360 Orientalium
832 328 980 358 notitiam
1025 327 1189 374 praebebit
1220 336 1363 374 tempore
1400 334 1676 373 commilitonibus

269 381 449 412 commodo.

234 457 241 465 ,
267 434 627 467 iirYTTssNBACH
645 455 655 470 ‚
694 432 856 463 Ciceronis
896 432 995 465 libros
1028 433 1067 465 de
1098 433 1221 466 Officiis
1249 436 1530 482 interpretabitur,
1564 441 1677 476 dicbus

265 489 374 518 Lunae
403 495 433 518 et
464 487 592 522 Mariis,
617 485 695 515 hora
714 487 769 518 IX.

332 540 484 571 Notitiam
509 538 701 570 Historicam
728 539 910 583 Literarum
941 547 972 572 et
996 541 1219 586 Philosophiae
1246 541 1362 581 tradet,
1391 542 1503 578 diebus
1522 549 1673 583 Mercurii

267 600 299 624 et
320 593 428 627 Jovis,
450 592 526 622 liora
552 592 602 621 lx.

328 647 498 676 Historiam
530 644 749 675 Universalem
782 644 977 688 populorum
1005 647 1247 689 Europaeoriim
1286 648 1360 680 iude
1386 650 1425 681 ab
1456 654 1542 685 exitu
1570 655 1675 698 impe-¹

261 700 301 730 rii
331 699 465 729 Romani
493 697 704 729 Occidentalis
733 708 832 740 usque
852 698 892 728 ad
915 705 1057 730 nostram
1083 708 1233 741 aetatem,
1264 703 1377 735 diebus
1403 706 1528 745 Lunae,
1548 709 1675 749 Martis,

261 753 411 781 sih-reurii
434 758 464 781 et
488 753 592 787 JOVtS,
619 749 697 780 bota
713 751 766 781 XI.

231 829 236 835 .
261 805 302 835 Sl
317 805 597 841 EG‘nNBEEK‚
624 805 794 834 Historiam
823 805 949 843 Patriae,
964 804 1108 847 docebit,
1139 808 1253 842 diebus
1272 811 1402 850 Lunae,
1435 811 1559 851 Martis,
1592 814 1674 844 Met,

260 858 342 888 curii
364 863 394 887 et
413 859 520 894 Jovis,
545 858 624 888 hora
647 858 731 889 Vlli-

324 911 502 942 Liternum
522 912 718 954 Belgicarum
736 911 907 944 Historiam
920 913 1069 945 Criticam
1089 916 1209 955 tradet,
1229 916 1341 948 iisdem
1356 917 1489 952 diebus,
1516 917 1595 948 hora
1606 917 1676 949 XII.

326 966 510 996 Rhetorices
529 989 538 1004 ‚
576 964 724 1008 inprimis
764 965 927 1007 Belgicae,
966 975 1134 1011 praecepta
1165 969 1359 1013 explicabit,
1396 971 1519 1002 iisdem'
1542 968 1672 1014 diebus,

262 1019 341 1050 hora
366 1019 389 1049 Ι.

326 1069 533 1113 Eloquentiae
556 1068 721 1101 exterioris
748 1070 906 1101 exercitiis
929 1071 1073 1110 vacabit,
1096 1071 1148 1107 die
1169 1073 1322 1112 Veneris,
1346 1074 1426 1105 hora
1446 1075 1500 1106 ΙΙΙ.

324 1124 565 1166 (ῗπιᾞηιιζῃιῑἱεὲιε1
576 1121 716 1164 Belgicae
732 1130 898 1164 praecepta
917 1123 1016 1156 tradet
1031 1125 1115 1170 hora
1129 1125 1339 1159 Auditoribus
1358 1126 1538 1158 commoda.

193 1177 223 1207 S.
245 1176 271 1206 J.
293 1186 315 1206 v
324 1186 345 1206 A
356 1187 372 1206 ii
402 1186 420 1204 i)
431 1187 448 1205 E
474 1177 510 1205 W
521 1177 547 1205 Y
556 1176 584 1206 N
594 1178 614 1206 P
625 1177 649 1208 E
660 1176 714 1205 RS
724 1176 744 1203 S
758 1174 780 1204 E
791 1198 800 1213 ,
827 1175 1104 1211 introductionem
1133 1176 1172 1207 ad
1200 1177 1436 1221 Philosophiam
1447 1201 1457 1216 ‚
1488 1180 1606 1222 primas
1634 1179 1671 1210 li-

260 1238 336 1260 neas
359 1228 514 1259 Historiae
531 1227 755 1271 Philosophiae
773 1235 805 1259 et
830 1229 981 1272 Logicam
1005 1228 1045 1260 ad
1069 1229 1227 1265 calamum
1244 1231 1394 1271 dictabit,
1416 1230 1529 1262 diebus
1548 1234 1671 1272 Lunae,

258 1282 388 1318 Martis,
414 1281 566 1312 Mercurii
589 1287 619 1312 et
643 1281 730 1312 Jovis
744 1306 751 1317 ‚
775 1281 856 1313 hora
870 1274 910 1316 X.

304 1334 558 1380 'Meiaphysicas
591 1332 800 1377 disciplinas,
835 1335 918 1366 inter
946 1347 1026 1379 quas
1057 1336 1264 1381 Theologiam
1291 1338 1489 1382 Naturalem,
1513 1345 1669 1382 exponet,

255 1389 369 1422 diebus
387 1389 514 1425 Martis,
536 1387 704 1425 Mercurii,
727 1389 814 1419 Jovis
831 1395 864 1419 et
880 1391 1032 1428 Veneris,
1056 1390 1135 1422 hora
1150 1392 1238 1425 vul,

316 1441 538 1483 Philosophiae
558 1441 687 1471 Moratis
711 1440 931 1473 Institutiones
959 1442 1081 1483 tradet,
1110 1443 1223 1478 diebus
1247 1446 1371 1483 Lunae,
1396 1445 1523 1483 Martis,
1544 1447 1668 1477 Mercu-

255 1496 295 1526 rii
325 1501 356 1525 et
378 1494 487 1533 Jovis,
510 1493 589 1524 hora
610 1495 662 1524 XI.

190 1549 237 1581 H.
260 1543 415 1578 TOLLI
428 1547 485 1579 US
506 1575 509 1578 .
535 1547 694 1590 Odysseae
711 1547 897 1578 Homericae
915 1547 1003 1580 Libr.
1017 1548 1041 1579 Ι,
1069 1555 1100 1579 et
1122 1548 1348 1591 Xenophontis
1369 1550 1592 1582 Memorabilia
1612 1554 1667 1586 So·

251 1601 344 1632 cratis
363 1600 639 1644 interpretabitur,
661 1600 774 1632 diebus
796 1603 921 1639 Lunae,
946 1602 1072 1641 Martis,
1096 1602 1246 1636 Mercurii
1263 1608 1294 1633 et
1308 1604 1414 1642 Jovis,
1439 1604 1516 1635 hora
1535 1609 1557 1636 l.

318 1655 431 1696 Neque
457 1653 496 1683 iis
523 1651 808 1684 Commilitonihus
836 1663 966 1697 operam
996 1661 1043 1686 est
1075 1661 1248 1697 negaturus
1267 1677 1275 1691 ,
1306 1656 1363 1697 qui
1392 1656 1665 1698 iisdemdiebus,

253 1706 342 1737 horis
368 1706 563 1745 commodis,
587 1707 653 1737 sive
682 1708 875 1750 Dionysium
904 1708 1198 1744 Haltearnasseum,
1222 1708 1289 1738 sive
1313 1709 1522 1751 Hippocratis
1554 1712 1664 1755 Apho.

252 1760 330 1791 rism
345 1770 385 1795 is,
408 1760 568 1803 perlegere
595 1760 664 1802 ipso
687 1763 768 1791 duce
794 1768 825 1792 et
852 1771 1043 1804 cognoscere
1065 1760 1255 1795 desiderent.

190 1814 223 1843 M
257 1813 317 1843 TY
331 1814 507 1844 DEMAN
519 1836 528 1851 ‚
562 1813 795 1856 Antiquitatem
825 1817 1003 1846 Romanam
1027 1813 1207 1854 enarrabit,
1237 1812 1351 1845 diebus
1372 1815 1500 1855 Lunae,
1533 1817 1662 1857 Martis,

252 1867 403 1901 Mercurii
421 1873 453 1898 et
475 1867 562 1900 Jovis
573 1889 582 1906 ,
607 1866 687 1898 hora
703 1866 774 1904 ΧΗ.

918 1964 989 1996 132
1264 1971 1269 1977 ·
1632 1966 1660 2001 Ji
