1940 2474
187 178 210 220 Z
465 176 504 208 G.
591 175 618 205 J.
707 175 741 205 C.
827 175 937 206 van*
1025 171 1415 210 M'A'ssow,

190 265 234 302 gis
259 262 440 298 interfuerat,
461 270 518 290 rem
539 267 638 289 emtam
652 260 775 289 habere?
798 260 867 297 Jure
883 259 972 289 Civili
989 260 1044 289 hoc
1061 269 1130 289 casu
1143 262 1256 291 nullum
1277 267 1335 290 erat
1355 259 1517 291 remedium.
1557 260 1690 298 Aequum

188 322 279 344 tamen
301 320 377 349 erat,
405 314 434 341 b.
453 312 477 341 f.
503 320 658 348 «amtorem,
685 321 719 341 eo
742 321 830 346 casu,
852 320 908 339 rem
942 321 957 340 a
978 321 1175 349 quocunque,
1202 314 1338 343 deteriore
1359 315 1421 351 jure
1443 314 1629 351 possidente,
1649 324 1692 344 re-

186 374 279 404 petere
296 374 395 403 posse.
436 365 525 394 Recte
546 365 634 402 igitur
652 365 729 392 hunc
747 362 888 392 defectum
908 363 987 400 Juris
1007 364 1104 393 civilis
1124 365 1258 401 Praetor,
1294 365 1409 395 nomine
1434 366 1597 402 Publicius,
1626 376 1695 403 sup·

183 417 296 455 plevit,
316 417 493 446 instituendo
514 416 675 451 actionem,
697 423 780 451 quam
802 423 855 443 suo
878 415 1013 451 nomine,
1041 425 1095 452 pro
1120 425 1217 453 more,
1238 417 1402 454 insignitam
1424 418 1538 454 voluit,
1566 419 1696 454 adeoque

187 470 363 500 Publiciana
380 469 457 498 dicta
478 475 533 497 est.
581 468 655 506 Quis
679 474 772 496 autem
801 466 889 495 fuerit
913 467 1062 496 Publicius
1084 467 1148 503 ille,
1179 477 1239 504 quo
1267 462 1394 505 ternpore
1418 469 1543 505 vixerit,
1573 478 1606 498 ex
1635 478 1694 506 qua

187 528 269 559 gente
287 528 367 551 ortus
384 520 487 556 fuerit,
509 525 648 556 quaerunt
663 524 811 555 quotquot
829 524 898 547 sunt
915 518 976 555 ejus
994 518 1092 547 Edicti
1114 527 1362 549 commentatores.
1405 521 1536 558 Plerique
1556 521 1572 558 <
1582 523 1620 558 1)
1641 529 1696 557 pu-

185 579 249 602 tant
269 581 332 602 eum
355 573 447 602 fuisse
467 572 508 610 Q.
530 571 710 607 Publicium,
732 571 766 599 de
792 579 850 606 quo
869 569 930 598 Cic.
951 571 982 598 in
1000 570 1087 599 Orat.
1106 578 1163 609 pro
1189 572 1317 601 Cluentio
1338 581 1365 602 c.
1384 580 1440 609 45,
1471 573 1523 608 qui
1545 572 1694 609 Collegam

186 625 288 654 habuit
311 626 358 654 M.
383 624 520 662 Junium.
568 623 637 661 Quo
664 630 733 652 vero
758 621 945 651 fundamento
973 623 1040 651 haec
1073 623 1181 652 nitatur
1211 625 1394 662 conjectura,
1420 631 1521 653 notum
1546 623 1616 652 mihi
1638 631 1698 653 non

185 684 247 714 est3
276 685 328 707 nec
350 677 388 706 ob
413 677 528 705 eandem
557 675 695 703 rationem
726 673 816 710 magis
837 673 984 710 probanda
1005 681 1047 702 est
1069 683 1168 703 eorum
1189 675 1254 713 (2)
1283 676 1442 711 sententia,
1470 676 1519 712 qui
1540 675 1699 711 affirmant,

185 737 284 757 verum
305 733 449 757 auctorem
466 726 647 755 Publicianae
663 725 756 754 fuisse
769 730 818 753 aut
838 725 876 754 L.
891 725 1054 754 Publicium
1070 725 1250 762 Maleolasm⁹
1272 733 1324 755 aut
1336 727 1385 755 M.
1405 726 1569 755 Publicium
1584 725 1700 753 Maleo-

185 780 265 814 Ium,
287 787 412 815 quorum
435 777 482 805 hic
503 786 529 805 a.
548 776 588 805 U.
607 783 684 812 519,
704 776 775 804 alter
789 784 815 803 a.
835 777 910 811 516,
929 775 1091 805 Praeturam
1105 777 1197 813 gessit
1212 777 1369 806 Urbanam.
1409 778 1490 815 Quae
1511 776 1607 805 omnia
1624 775 1699 804 nihil

184 830 220 858 ad
241 838 318 866 rem;
346 829 384 857 ita
407 835 458 864 ut,
487 828 537 863 qui
560 827 589 855 in
611 827 785 862 inquirendo
812 835 880 855 vero
905 833 1022 854 aucto-re
1050 827 1197 862 laborant,
1227 833 1341 862 tempus
1364 834 1512 857 conterant
1537 827 1697 862 inutiliter,

186 888 272 917 atque
292 889 405 917 operam
430 885 457 908 et
481 879 575 907 oleum
601 879 731 914 perdant.
779 877 846 906 Nos
872 878 980 915 igitur,
1010 878 1117 907 relictis
1137 878 1218 920 bisce
1245 878 1431 916 ambagibus,
1459 880 1496 908 ad
1517 879 1700 915 ExplicatIO·

186 941 251 962 nem
272 933 360 969 hujus
382 930 481 961 Edicti
499 930 621 960 transire
639 930 731 968 satius
752 928 903 973 duximus.
1132 920 1141 930 ³

221 984 317 1012 Verba
330 983 446 1012 Edicti:
465 982 497 1010 Si
512 983 576 1020 qm‘s
590 982 662 1010 bona
671 981 737 1018 fida
747 982 830 1018 emit,
852 983 888 1011 id
900 972 1151 1022 quodt1‘aci'itunz,
1172 972 1301 1019 exsuita
1315 978 1435 1017 mensa,
1456 990 1512 1010 non
1525 981 1700 1018 aDomtno,

185 1042 213 1064 et
234 1035 357 1065 nondum
378 1040 547 1072 usucaptum
560 1035 657 1078 petit,
672 1034 822 1071 judicium
836 1034 920 1063 dabo.
963 1034 1108 1071 Ulpianus
1133 1040 1225 1063 autem
1240 1034 1270 1062 in
1286 1033 1408 1068 Edicto,
1431 1033 1512 1068 quod
1526 1033 1612 1062 nobis
1635 1034 1704 1063 reli·

187 1086 269 1124 quit,
289 1086 374 1115 verba
395 1086 450 1115 ista
464 1086 538 1114 bona
549 1084 608 1122 fide
624 1087 708 1121 emit,
730 1095 790 1116 non
806 1085 914 1115 addidit
922 1100 937 1121 5
955 1094 1028 1121 quae
1045 1092 1156 1121 tamen,
1178 1091 1314 1120 tanquam
1328 1083 1468 1113 Praetoris
1482 1084 1589 1113 Edicto
1611 1085 1700 1113 inser-

186 1144 236 1173 ta,
258 1137 322 1174 ipse
342 1137 465 1174 explicat
483 1137 558 1166 infra
577 1138 615 1166 L.
637 1147 664 1174 7.
687 1139 715 1174 §.
735 1138 979 1171 11.‚,Dicendum
994 1137 1083 1175 igitur
1098 1143 1160 1172 est,
1180 1145 1240 1165 non
1253 1143 1383 1165 accurata
1399 1136 1433 1164 ab
1452 1144 1485 1165 eo
1499 1136 1585 1165 verba
1599 1135 1699 1165 Edicti

185 1188 272 1218 nobis
293 1189 428 1219 translata
444 1197 524 1225 esse3
549 1190 629 1225 quod
652 1198 711 1218 non
734 1189 796 1218 sine
817 1189 967 1224 exemplo,
990 1196 1080 1223 quum
1101 1196 1161 1217 non
1183 1196 1245 1216 raro
1266 1185 1352 1214 verba
1371 1184 1468 1214 EdIcti
1486 1193 1614 1223 mutata,
1638 1186 1701 1216 imo

188 1239 330 1268 interdurn
351 1240 501 1276 mutilata,
524 1249 540 1268 a
559 1240 645 1277 JCtis
668 1241 835 1276 tradantur,
857 1247 884 1269 et
903 1248 937 1269 ex
954 1238 1191 1275 Inter-pretatione
1213 1238 1242 1266 in
1265 1237 1372 1266 Edicto
1390 1237 1537 1266 inserenda
1560 1238 1629 1266 sint.
1666 1267 1670 1271 ,
1691 1270 1693 1273 ,

209 1291 278 1320 ‘Ait
296 1291 411 1320 Praetor
431 1292 456 1318 si
478 1292 553 1329 quis.
596 1291 709 1324 Notum
733 1299 796 1327 est,
816 1293 949 1321 voculam
967 1293 1036 1330 quis
1053 1297 1108 1319 tam
1131 1291 1166 1320 ad
1184 1289 1345 1325 foeminas,
1365 1297 1460 1326 quam·
1477 1289 1698 1327 acl-masculos,

184 1341 346 1379 pertinere,
368 1349 401 1370 ut
418 1341 560 1377 scriptum
584 1342 708 1378 legimus=
728 1343 758 1369 in
780 1343 818 1368 L.
839 1352 866 1368 1.
884 1341 922 1375 ff.
945 1342 983 1367 V.
997 1343 1031 1366 S-
1695 1338 1702 1345 ’

225 1394 362 1430 Sequitur
382 1394 454 1422 bona
470 1392 529 1428 fide
551 1394 630 1421 emit.
678 1392 774 1428 Quare
797 1392 831 1418 de
851 1389 987 1418 Emtione
1009 1388 1184 1418 Venditione
1204 1391 1263 1423 agit
1276 1390 1413 1423 Praetor,
1432 1397 1498 1418 cum
1515 1390 1576 1418 sint
1599 1391 1697 1423 plures

186 1445 237 1474 atii
256 1452 442 1480 contractus,
468 1445 503 1473 de
523 1444 634 1480 quibus
656 1443 739 1470 etiam
758 1440 925 1469 Publiciana
950 1439 1088 1475 competit
1104 1439 1149 1479 VL.
1167 1448 1202 1475 3,
1217 1447 1260 1473 ,4,
1283 1445 1311 1473 5.
1330 1437 1367 1474 ff.
1390 1438 1420 1465 h.
1443 1437 1504 1466 T..?
1529 1437 1617 1467 Ratio
1634 1446 1698 1475 est,

190 1496 256 1533 quia
274 1497 374 1526 Emtio
393 1496 533 1525 Venditio
553 1502 611 1530 erat
634 1500 801 1523 contractus
830 1492 947 1522 caeteris
968 1490 1168 1527 frequentior,
1196 1496 1223 1517 et
1244 1489 1294 1524 qui
1314 1489 1391 1525 apud
1415 1488 1562 1518 Romanos
1586 1490 1700 1526 saepius

188 1549 393 1578 celebrabatur.
441 1548 529 1586 Quod
557 1552 651 1575 autem
672 1548 706 1574 de
735 1546 790 1574 hoc
812 1551 963 1574 contractu
987 1543 1100 1573 dictu-m·
1117 1547 1179 1576 est,
1205 1540 1264 1568 fere
1284 1540 1319 1568 ad
1341 1548 1439 1568 omnes
1460 1540 1587 1576 reliquos
1609 1541 1700 1577 adpli-

188 1600 308 1628 candum
330 1606 391 1635 est,
413 1606 447 1628 ut
469 1599 549 1634 quod
568 1599 602 1627 de
628 1597 816 1633 Traditione,
844 1597 929 1625 etiam
955 1596 990 1624 ad
1014 1595 1082 1624 alias
1108 1592 1287 1622 alienationis
1311 1591 1422 1628 species
1445 1589 1619 1620 referendum
1642 1597 1700 1620 est.

185 1649 303 1679 Dicitur
321 1651 352 1679 b.
370 1651 393 1678 f.
414 1650 580 1680 Emtionem
611 1649 714 1678 factam
737 1649 828 1677 fuisse
854 1654 995 1686 oportere.
1045 1646 1138 1674 Nulla
1160 1645 1234 1673 enim
1254 1643 1332 1681 Juris
1353 1642 1440 1672 Ratio
1460 1642 1589 1678 patitur,
1610 1642 1700 1671 actio-

190 1709 253 1730 nem
275 1701 301 1730 ei
325 1701 404 1736 dari,
427 1702 478 1737 qui
500 1702 570 1730 mala
592 1701 646 1730 fide
669 1701 746 1738 agit‚
767 1709 833 1729 cum
851 1700 984 1734 Praetor,
1001 1697 1081 1735 JurIS
1102 1696 1196 1726 civilis
1223 1696 1288 1725 viva
1310 1703 1386 1730 vox,
1407 1693 1578 1730 aequitatem
1597 1702 1698 1729 sequa-

184 1758 247 1780 ‹un
288 1752 468 1781 Gravissima
488 1760 581 1781 autem
608 1753 750 1790 Quaestio
768 1759 830 1787 est,
862 1759 987 1787 quonam
1009 1757 1138 1785 tempore
1162 1748 1211 1776 illa
1239 1748 1269 1775 b.
1288 1745 1311 1774 f.
1332 1746 1431 1775 adesse
1455 1745 1568 1779 debeat,
1598 1750 1694 1772 utrum

189 1809 314 1840 tempore
336 1803 535 1840 Traditionis,
556 1812 591 1833 an
609 1811 677 1833 vero
697 1809 885 1838 contractus,
907 1808 957 1831 aut
980 1801 1068 1831 etiam⁴
1087 1799 1279 1829 instituendae
1300 1797 1422 1827 acti0n1s
1447 1795 1594 1832 tempore?
1623 1794 1693 1823 Scil.

1656 1846 1701 1873 lo·

215 1930 269 1960 (1)
285 1934 321 1956 cr.
343 1935 367 1961 J.
385 1934 514 1955 uernam„
533 1934 556 1955 a.
577 1935 714 1963 θυι-’μήνη
729 1936 754 1957 1..
771 1935 798 1958 11.
815 1940 835 1959 c.
852 1935 884 1957 16.
923 1933 949 1960 J·
964 1933 1052 1955 samm
1065 1931 1139 1954 Pm'*
1154 1930 1216 1958 3⁰⁶⁸
1235 1930 1297 1952 ⁸⁰¹·-
1317 1928 1396 1951 nene.
1411 1927 1468 1949 ’Μ’
1492 1923 1514 1951 ⁵⁴
1528 1926 1566 1951 ‘⁵'
1601 1920 1699 1949 Gu'd'*

181 1971 276 2001 'lepus
288 1974 310 1996 h.
323 1975 346 1995 T.
359 1974 387 2001 ff.
418 1975 526 1997 Malhlanc
542 1977 564 1998 b.
580 1977 605 1999 T.
617 1977 649 2004 ff·

185 2028 189 2033 .
216 2012 265 2044 (²)
281 2014 314 2037 Ita
325 2014 411 2042 Pighius
424 2016 446 2038 iu
458 2015 521 2037 Anah
