1940 2474
300 169 342 202 28
533 166 579 198 H.
647 166 683 197 C.
753 174 862 195 van
928 172 1026 194 nnn
1093 162 1269 194 BooN
1335 163 1581 205 MEsCH‚

298 257 407 285 tionem
427 260 493 282 cum
516 252 657 283 neminem
671 251 764 288 fugiat
784 251 898 287 saepius
914 249 1046 286 institui,
1068 256 1145 287 patet
1165 250 1230 279 inde
1251 256 1357 286 quanta
1377 258 1454 287 oxyg
1456 250 1510 280 enii
1530 251 1613 288 copia
1636 251 1691 281 hoc
1713 250 1806 282 medio

303 305 356 334 aeri
376 305 514 333 dematur.
886 310 889 311 ⁷

997 379 1026 414 §-
1069 385 1118 414 25.

338 458 395 488 Est
421 463 514 486 autem
539 455 679 493 imprimis
710 455 824 492 putrida
849 454 1047 490 fermentatIO,
1075 462 1147 490 quae
1170 455 1342 492 exygenium
1365 455 1420 484 aeri
1444 455 1684 493 Atmosphaerico
1709 466 1811 494 magna

296 509 385 546 copia
406 508 508 537 demit:
532 513 626 544 partes
643 507 717 536 enim
740 507 888 544 organicae
902 505 1086 542 multiplices
1102 505 1201 535 ineunt
1217 507 1358 542 uniones,
1383 516 1414 535 ac
1432 507 1569 544 vinculo,
1597 517 1657 544 quo
1678 509 1812 538 teneban-

299 568 363 597 tur,
387 561 500 589 solutae
522 559 663 589 continuo
688 558 880 595 simpliciores
899 557 1020 594 copulas
1044 556 1168 585 formant
1191 558 1378 594 potissimum
1400 558 1577 600 gazformes.
1623 559 1738 589 Scilicet
1757 567 1812 597 pu·

297 613 378 641 tredo
406 618 450 640 est
480 610 705 640 efficacissimum
733 610 875 645 medium,
905 618 964 645 quo
992 609 1085 637 utitur
1111 615 1215 637 natura
1238 611 1273 638 ad
1299 619 1379 639 suam
1398 611 1610 640 conditionem
1637 618 1664 640 et
1687 611 1810 648 partium

297 661 502 698 aequilibrium
520 667 660 699 perpetuo
678 662 821 699 optimum
839 661 1020 689 servandum.
1061 659 1203 688 Praeclara
1227 667 1295 690 sunt
1312 662 1525 698 experimenta,
1552 671 1624 698 quae
1644 662 1718 691 circa
1739 664 1811 691 hanc

294 713 543 742 fermentationem
564 712 690 742 instituit
713 711 930 749 expertissimus
944 712 1098 748 Stipriaan
1119 710 1264 748 Luisfilts.
1286 729 1325 734 —
1345 712 1552 741 Determinavit
1575 713 1670 748 enim,
1694 713 1720 741 si
1743 721 1808 749 par·

293 769 338 793 tes
365 764 567 801 putrescibiles
600 763 734 792 animales
761 769 789 791 et
820 761 992 799 vegetabiles
1025 769 1100 792 cum,
1122 770 1222 798 magna
1252 771 1342 798 aquae
1368 764 1452 799 copia
1484 763 1573 792 libero
1604 764 1672 792 aens
1700 764 1814 792 influxu

292 815 450 850 fruuntur,
471 821 588 843 azotum
614 814 643 843 in
668 814 748 843 hisce
766 813 1004 850 putrescibilibus
1028 820 1195 843 contentum
1211 823 1271 843 non
1292 823 1325 843 ex
1349 823 1421 850 aqua
1444 815 1651 851 hydrogenium
1668 815 1811 850 arripere,

295 874 346 896 aut
371 867 542 896 ammoniam
572 867 714 902 formare,
743 875 841 897 verum
871 867 1043 903 oxygenium
1074 875 1108 896 ex
1131 867 1190 895 acre
1217 871 1366 902 appetere,
1391 874 1422 894 ac
1447 865 1569 894 formare
1593 866 1706 895 acidum
1730 864 1813 894 nitri-

298 926 366 946 cum
390 919 483 957 (58).

336 969 452 1008 Quodsi
479 978 568 1006 vero,
596 970 712 999 caeteris
735 971 873 1008 paribus,
903 972 997 1001 minor
1020 978 1110 1007 aquae
1135 968 1219 1004 copia
1247 967 1379 1003 accedat,
1406 967 1499 996 multo
1519 968 1652 1004 majorem
1679 966 1747 995 nitri
1768 975 1818 1003 εο-Ι

306 1011 384 1059 piam
409 1019 545 1050 formari:
569 1027 628 1050 tum
651 1022 726 1051 enim
743 1022 800 1052 fere
814 1031 898 1052 omne
917 1030 1033 1053 azotum
1052 1030 1206 1059 corporum
1220 1020 1446 1058 putrescentium
1465 1028 1495 1047 se
1513 1028 1578 1048 cum
1596 1019 1736 1055 exygenio
1749 1027 1821 1057 con-

299 1070 398 1113 jungit
418 1072 520 1110 (5933
549 1079 618 1102 nota
639 1080 683 1102 est
708 1075 880 1110 methodus,
906 1084 963 1111 qua
987 1075 1017 1103 in
1038 1073 1190 1102 Germania
1209 1073 1295 1109 (60)
1324 1071 1430 1100 nitrum
1456 1076 1570 1107 paratur
1593 1079 1628 1099 ex
1652 1069 1819 1100 commixtis

301 1122 397 1158 calce,
420 1132 534 1161 merga,
555 1124 726 1160 putrefactis
748 1125 977 1162 vegetabilibus,
995 1125 1186 1159 animalibus,
1209 1123 1363 1159 quibusvis
1382 1122 1529 1150 sordibus.
1568 1122 1608 1150 Et
1627 1128 1733 1158 quanta
1750 1113 1820 1158 oxyss

302 1173 379 1216 genii
404 1175 490 1212 copia
508 1175 560 1204 hac
578 1176 727 1212 putredine
747 1176 802 1205 aeri
821 1177 949 1205 dematur
965 1177 1072 1213 optime
1094 1177 1124 1205 in
1139 1177 1240 1205 oculos
1259 1174 1398 1209 incurrit,
1423 1174 1448 1202 si
1472 1174 1706 1209 consideremus,
1730 1182 1815 1202 omne

302 1223 430 1260 nitrum,
460 1227 540 1261 quod
573 1226 808 1263 frequentissime
835 1237 866 1256 ac
897 1229 1094 1264 multipliciter
1117 1227 1269 1254 adhibetur
1289 1226 1324 1253 ad
1351 1224 1473 1260 quosvis
1494 1233 1585 1260 usus,
1612 1224 1679 1252 oriri
1705 1232 1739 1252 ex
1764 1223 1819 1252 hac

301 1277 469 1313 putredine,
500 1285 585 1314 atque
610 1279 698 1315 igitur
725 1289 809 1314 omne
830 1281 1023 1317 oxy-genium,
1047 1279 1126 1315 quod
1147 1285 1213 1306 cum
1235 1283 1321 1306 azoto
1350 1276 1462 1305 acidum
1484 1275 1619 1304 niti-icum
1641 1273 1765 1309 format,
1789 1273 1822 1302 in

305 1327 383 1357 nitro
405 1336 592 1366 contentum,
615 1339 649 1359 ex
671 1331 881 1366 Atmosphaera
905 1330 1027 1359 desumi.

343 1378 484 1408 Praeterea
500 1389 534 1409 ex
559 1381 620 1416 ipsa
640 1381 692 1409 hac
714 1381 924 1417 putrefactione
943 1388 1009 1410 nato
1035 1380 1111 1409 nitro
1134 1380 1268 1410 oriuntur
1292 1381 1368 1408 varia
1389 1387 1461 1416 gaZ,
1485 1387 1557 1415 quae
1583 1376 1820 1412 Atmosphaeram

309 1427 435 1465 intrant,
458 1431 730 1467 decmnponuntur,
753 1432 925 1468 oxygenium
942 1432 995 1460 aeri
1011 1433 1140 1460 demunt.
1172 1431 1342 1467 Cogitemus
1359 1432 1392 1460 de
1413 1430 1589 1467 hydrogcnio
1603 1427 1820 1466 phosphorum,

307 1480 451 1515 sulphur,
472 1482 640 1510 carbonium
660 1484 755 1511 soluta
779 1490 911 1519 tenente3
935 1483 1095 1520 cogitemus
1117 1484 1151 1512 de
1173 1490 1250 1513 tanta
1269 1483 1341 1512 acidi
1362 1483 1506 1512 carbonici
1529 1481 1612 1517 copia
1636 1488 1669 1508 ex
1693 1476 1820 1516 putridis

307 1531 473 1560 exhalante:
489 1530 560 1562 ‘dein
584 1532 712 1563 materies
735 1543 808 1570 quac
830 1532 1001 1572 lelinquitur
1023 1537 1096 1563 lente
1117 1535 1231 1571 quidem
1252 1541 1280 1564 at
1297 1535 1413 1564 assiduo
1430 1543 1486 1570 oxy
1489 1533 1601 1571 genium
1623 1530 1739 1568 arripit,
1761 1527 1822 1557 Sive

310 1582 349 1610 sit
374 1583 503 1612 materies
524 1585 661 1620 adiposa,
684 1585 745 1614 sive
767 1585 908 1621 humosa,
931 1587 992 1617 sive
1015 1588 1274 1637 empyreumatica,
1297 1588 1394 1617 eodem
1416 1587 1498 1615 redit.

350 1632 451 1668 Itaque
472 1635 583 1670 elucet,
604 1643 709 1670 quanta
735 1645 787 1673 gaz
807 1638 940 1674 oxygonii
957 1639 1039 1676 copia
1055 1648 1090 1668 ex
1113 1640 1173 1668 aere
1195 1639 1344 1676 putredine
1363 1639 1506 1675 deleatur,
1536 1636 1560 1667 si
1577 1636 1663 1666 modo
1685 1633 1720 1662 ad
1738 1630 1820 1660 latis·-

306 1678 400 1734 *simos
421 1685 499 1722 regni
517 1687 646 1719 animalis
669 1694 701 1720 et
718 1688 887 1725 vegetabilis
907 1688 979 1720 fines
1004 1692 1106 1722 oculos
1126 1690 1300 1730 injiciamus.

1720 1787 1750 1822 s.
1771 1785 1817 1815 26.

339 1874 404 1902 (5⁸)
418 1877 538 1906 hrsehijns.
549 1878 699 1910 dorRomng,
715 1887 766 1909 με.
783 1884 835 1904 τοο-

340 1914 405 1943 (⁵⁹)
418 1919 434 1939 1.
450 1920 465 1942 t.
484 1927 536 1947 pag.
553 1927 680 1948 urg—115.

339 1955 408 1984 (σο)
422 1960 533 1989 Jacqain,
546 1964 613 1986 Hum-
628 1963 695 1986 ῠΙιοι.
704 1978 713 1991 ,
728 1964 796 1988 Tom.
808 1963 828 1987 l·
842 1967 894 1991 1³³8-
907 1964 933 1990 85
949 1969 1013 1992 ⁵³¹3!-

1909 2130 1923 2474 -ἣ--τ
