<?xml version="1.0" encoding="UTF-8"?>
<!DOCTYPE html PUBLIC "-//W3C//DTD XHTML 1.0 Transitional//EN"
    "http://www.w3.org/TR/xhtml1/DTD/xhtml1-transitional.dtd">
<html xmlns="http://www.w3.org/1999/xhtml" xml:lang="en" lang="en">
 <head>
  <title>
</title>
<meta http-equiv="Content-Type" content="text/html;charset=utf-8" />
  <meta name='ocr-system' content='tesseract 3.04.00' />
  <meta name='ocr-capabilities' content='ocr_page ocr_carea ocr_par ocr_line ocrx_word'/>
</head>
<body>
  <div class='ocr_page' id='page_1' title='image "annalesacademiae16rijk_0126.png"; bbox 0 0 1960 2500; ppageno 0'>
   <div class='ocr_carea' id='block_1_1' title="bbox 369 151 1443 206">
    <p class='ocr_par' dir='ltr' id='par_1_1' title="bbox 369 151 1443 206">
     <span class='ocr_line' id='line_1_1' title="bbox 369 151 1443 206; baseline 0.004 -19"><span class='ocrx_word' id='word_1_1' title='bbox 369 163 419 206; x_wconf 76' lang='lat'><strong>43</strong></span> <span class='ocrx_word' id='word_1_2' title='bbox 824 152 859 189; x_wconf 81' lang='lat' dir='ltr'><strong>J.</strong></span> <span class='ocrx_word' id='word_1_3' title='bbox 921 162 1050 190; x_wconf 70' lang='lat' dir='ltr'><strong>vAN</strong></span> <span class='ocrx_word' id='word_1_4' title='bbox 1109 151 1443 191; x_wconf 87' lang='lat' dir='ltr'>VOORST</span> 
     </span>
    </p>
   </div>
   <div class='ocr_carea' id='block_1_2' title="bbox 368 253 1898 811">
    <p class='ocr_par' dir='ltr' id='par_1_2' title="bbox 368 253 1898 754">
     <span class='ocr_line' id='line_1_2' title="bbox 416 253 1892 302; baseline -0.003 -10"><span class='ocrx_word' id='word_1_5' title='bbox 416 274 434 291; x_wconf 86' lang='lat'>«</span> <span class='ocrx_word' id='word_1_6' title='bbox 454 262 493 292; x_wconf 82' lang='lat' dir='ltr'><strong>Je</strong></span> <span class='ocrx_word' id='word_1_7' title='bbox 521 266 596 291; x_wconf 77' lang='lat' dir='ltr'><strong>vous</strong></span> <span class='ocrx_word' id='word_1_8' title='bbox 624 254 686 286; x_wconf 80' lang='lat' dir='ltr'><strong>sais</strong></span> <span class='ocrx_word' id='word_1_9' title='bbox 705 253 782 297; x_wconf 63' lang='lat' dir='ltr'><strong>gre,</strong></span> <span class='ocrx_word' id='word_1_10' title='bbox 817 255 1001 289; x_wconf 71' lang='lat' dir='ltr'><strong>Monsz’eur,</strong></span> <span class='ocrx_word' id='word_1_11' title='bbox 1039 253 1096 285; x_wconf 80' lang='lat' dir='ltr'><strong>des</strong></span> <span class='ocrx_word' id='word_1_12' title='bbox 1122 257 1288 287; x_wconf 82' lang='lat' dir='ltr'><strong>sentimens</strong></span> <span class='ocrx_word' id='word_1_13' title='bbox 1323 266 1386 299; x_wconf 87' lang='lat' dir='ltr'><strong>que</strong></span> <span class='ocrx_word' id='word_1_14' title='bbox 1414 264 1496 287; x_wconf 79' lang='lat' dir='ltr'><strong>vous</strong></span> <span class='ocrx_word' id='word_1_15' title='bbox 1529 256 1734 302; x_wconf 75' lang='lat' dir='ltr'><strong>m’expn&#39;mez</strong></span> <span class='ocrx_word' id='word_1_16' title='bbox 1765 270 1806 293; x_wconf 74' lang='lat' dir='ltr'><strong>en</strong></span> <span class='ocrx_word' id='word_1_17' title='bbox 1840 271 1892 293; x_wconf 63' lang='lat' dir='ltr'><strong>rm</strong></span> 
     </span>
     <span class='ocr_line' id='line_1_3' title="bbox 372 310 1873 358; baseline -0.001 -8"><span class='ocrx_word' id='word_1_18' title='bbox 372 320 592 351; x_wconf 73' lang='lat' dir='ltr'><strong>&#39;transmettant</strong></span> <span class='ocrx_word' id='word_1_19' title='bbox 612 319 703 344; x_wconf 77' lang='lat' dir='ltr'><strong>votre</strong></span> <span class='ocrx_word' id='word_1_20' title='bbox 723 321 858 353; x_wconf 77' lang='lat' dir='ltr'><em>ouvrage</em></span> <span class='ocrx_word' id='word_1_21' title='bbox 872 322 927 342; x_wconf 80' lang='lat' dir='ltr'><strong>sur</strong></span> <span class='ocrx_word' id='word_1_22' title='bbox 941 310 1034 342; x_wconf 79' lang='lat' dir='ltr'><strong>l&#39;acte</strong></span> <span class='ocrx_word' id='word_1_23' title='bbox 1051 311 1424 351; x_wconf 77' lang='lat' dir='ltr'><strong>d&#39;Allz&#39;ancefiatemelle</strong></span> <span class='ocrx_word' id='word_1_24' title='bbox 1434 320 1467 344; x_wconf 83' lang='lat' dir='ltr'><strong>et</strong></span> <span class='ocrx_word' id='word_1_25' title='bbox 1485 313 1662 348; x_wconf 52' lang='lat' dir='ltr'><strong>chr-{tienne</strong></span> <span class='ocrx_word' id='word_1_26' title='bbox 1678 317 1723 349; x_wconf 85' lang='lat' dir='ltr'><strong>du</strong></span> <span class='ocrx_word' id='word_1_27' title='bbox 1751 320 1789 357; x_wconf 74' lang='lat'><strong>14</strong></span> <span class='ocrx_word' id='word_1_28' title='bbox 1808 318 1873 358; x_wconf 76' lang='lat'><strong>(26</strong></span> 
     </span>
     <span class='ocr_line' id='line_1_4' title="bbox 368 368 1897 416; baseline -0.001 -12"><span class='ocrx_word' id='word_1_29' title='bbox 368 372 565 416; x_wconf 73' lang='lat' dir='ltr'><em>Septembre.</em></span> <span class='ocrx_word' id='word_1_30' title='bbox 610 369 799 401; x_wconf 68' lang='lat' dir='ltr'><strong>L&#39;attencion</strong></span> <span class='ocrx_word' id='word_1_31' title='bbox 819 379 883 411; x_wconf 84' lang='lat' dir='ltr'><strong>que</strong></span> <span class='ocrx_word' id='word_1_32' title='bbox 903 379 984 400; x_wconf 82' lang='lat' dir='ltr'><strong>vous</strong></span> <span class='ocrx_word' id='word_1_33' title='bbox 1013 379 1089 400; x_wconf 78' lang='lat' dir='ltr'><strong>avez</strong></span> <span class='ocrx_word' id='word_1_34' title='bbox 1115 371 1212 400; x_wconf 82' lang='grc' dir='ltr'><em>νοιιέε</em></span> <span class='ocrx_word' id='word_1_35' title='bbox 1237 369 1260 400; x_wconf 84' lang='grc' dir='ltr'><em>ὰ</em></span> <span class='ocrx_word' id='word_1_36' title='bbox 1292 381 1331 401; x_wconf 79' lang='lat' dir='ltr'><strong>en</strong></span> <span class='ocrx_word' id='word_1_37' title='bbox 1356 368 1479 401; x_wconf 57' lang='lat' dir='ltr'><strong>&amp;tudier</strong></span> <span class='ocrx_word' id='word_1_38' title='bbox 1503 372 1534 402; x_wconf 84' lang='lat' dir='ltr'><strong>le</strong></span> <span class='ocrx_word' id='word_1_39' title='bbox 1556 382 1625 403; x_wconf 77' lang='lat' dir='ltr'><strong>sem</strong></span> <span class='ocrx_word' id='word_1_40' title='bbox 1640 396 1651 411; x_wconf 84' lang='lat'>‚</span> <span class='ocrx_word' id='word_1_41' title='bbox 1679 385 1824 407; x_wconf 76' lang='lat' dir='ltr'><strong>annonoe</strong></span> <span class='ocrx_word' id='word_1_42' title='bbox 1851 385 1897 406; x_wconf 78' lang='lat' dir='ltr'><strong>un</strong></span> 
     </span>
     <span class='ocr_line' id='line_1_5' title="bbox 371 422 1897 473; baseline 0.001 -11"><span class='ocrx_word' id='word_1_43' title='bbox 371 431 443 462; x_wconf 66' lang='lat' dir='ltr'><strong>zele</strong></span> <span class='ocrx_word' id='word_1_44' title='bbox 463 429 559 471; x_wconf 82' lang='lat' dir='ltr'><strong>e‘pure&#39;</strong></span> <span class='ocrx_word' id='word_1_45' title='bbox 588 434 674 470; x_wconf 85' lang='lat' dir='ltr'><strong>pour</strong></span> <span class='ocrx_word' id='word_1_46' title='bbox 700 426 730 458; x_wconf 79' lang='lat' dir='ltr'><strong>le</strong></span> <span class='ocrx_word' id='word_1_47' title='bbox 758 425 853 464; x_wconf 82' lang='lat' dir='ltr'><strong><em>bien,</em></strong></span> <span class='ocrx_word' id='word_1_48' title='bbox 886 427 968 457; x_wconf 70' lang='lat' dir='ltr'><strong>ainsi</strong></span> <span class='ocrx_word' id='word_1_49' title='bbox 1005 425 1121 469; x_wconf 79' lang='lat' dir='ltr'><strong>qu&#39;une</strong></span> <span class='ocrx_word' id='word_1_50' title='bbox 1154 428 1290 470; x_wconf 75' lang='lat' dir='ltr'><strong>sagacite</strong></span> <span class='ocrx_word' id='word_1_51' title='bbox 1323 428 1554 471; x_wconf 73' lang='lat' dir='ltr'><strong>remarquable.</strong></span> <span class='ocrx_word' id='word_1_52' title='bbox 1611 422 1661 460; x_wconf 66' lang='lat' dir='ltr'><strong>Ut}</strong></span> <span class='ocrx_word' id='word_1_53' title='bbox 1692 437 1897 473; x_wconf 67' lang='lat' dir='ltr'><strong>engagement</strong></span> 
     </span>
     <span class='ocr_line' id='line_1_6' title="bbox 368 483 1894 528; baseline 0.001 -10"><span class='ocrx_word' id='word_1_54' title='bbox 368 486 515 521; x_wconf 67' lang='lat' dir='ltr'><strong>solenne!</strong></span> <span class='ocrx_word' id='word_1_55' title='bbox 532 484 642 524; x_wconf 73' lang='lat' dir='ltr'><strong>fonde</strong></span> <span class='ocrx_word' id='word_1_56' title='bbox 660 494 715 514; x_wconf 82' lang='lat' dir='ltr'><strong>sur</strong></span> <span class='ocrx_word' id='word_1_57' title='bbox 738 484 784 515; x_wconf 85' lang='lat' dir='ltr'><strong>les</strong></span> <span class='ocrx_word' id='word_1_58' title='bbox 799 484 959 525; x_wconf 70' lang='lat' dir='ltr'><strong>precepces</strong></span> <span class='ocrx_word' id='word_1_59' title='bbox 983 484 1108 525; x_wconf 77' lang='lat' dir='ltr'><strong>simples</strong></span> <span class='ocrx_word' id='word_1_60' title='bbox 1130 490 1162 515; x_wconf 86' lang='lat' dir='ltr'><strong>et</strong></span> <span class='ocrx_word' id='word_1_61' title='bbox 1181 483 1328 515; x_wconf 79' lang='lat' dir='ltr'><strong>sublimes</strong></span> <span class='ocrx_word' id='word_1_62' title='bbox 1351 484 1394 515; x_wconf 87' lang='lat' dir='ltr'><strong>de</strong></span> <span class='ocrx_word' id='word_1_63' title='bbox 1416 485 1452 516; x_wconf 82' lang='lat' dir='ltr'><strong>la</strong></span> <span class='ocrx_word' id='word_1_64' title='bbox 1481 486 1613 528; x_wconf 76' lang='lat' dir='ltr'><em>religion</em></span> <span class='ocrx_word' id='word_1_65' title='bbox 1638 485 1684 517; x_wconf 82' lang='lat' dir='ltr'><strong>du</strong></span> <span class='ocrx_word' id='word_1_66' title='bbox 1712 489 1795 518; x_wconf 76' lang='lat' dir='ltr'><strong>Dieu</strong></span> <span class='ocrx_word' id='word_1_67' title='bbox 1815 489 1894 519; x_wconf 83' lang='lat' dir='ltr'><strong>Sau-</strong></span> 
     </span>
     <span class='ocr_line' id='line_1_7' title="bbox 373 539 1895 585; baseline 0.001 -12"><span class='ocrx_word' id='word_1_68' title='bbox 373 553 472 582; x_wconf 82' lang='lat' dir='ltr'><strong>veur,</strong></span> <span class='ocrx_word' id='word_1_69' title='bbox 504 540 585 584; x_wconf 85' lang='lat' dir='ltr'><strong>offre</strong></span> <span class='ocrx_word' id='word_1_70' title='bbox 613 552 685 572; x_wconf 80' lang='lat' dir='ltr'><strong>sans</strong></span> <span class='ocrx_word' id='word_1_71' title='bbox 707 539 805 571; x_wconf 81' lang='lat' dir='ltr'><strong>doute</strong></span> <span class='ocrx_word' id='word_1_72' title='bbox 831 544 875 570; x_wconf 70' lang='lat' dir='ltr'><strong>‘un</strong></span> <span class='ocrx_word' id='word_1_73' title='bbox 899 547 988 571; x_wconf 76' lang='lat' dir='ltr'><strong>vaste</strong></span> <span class='ocrx_word' id='word_1_74' title='bbox 1011 540 1126 583; x_wconf 77' lang='lat' dir='ltr'><strong>clmmp</strong></span> <span class='ocrx_word' id='word_1_75' title='bbox 1163 551 1233 572; x_wconf 69' lang='lat' dir='ltr'><strong>aux</strong></span> <span class='ocrx_word' id='word_1_76' title='bbox 1269 540 1469 573; x_wconf 69' lang='lat' dir='ltr'><strong>medications</strong></span> <span class='ocrx_word' id='word_1_77' title='bbox 1501 543 1546 574; x_wconf 85' lang='lat' dir='ltr'><strong>les</strong></span> <span class='ocrx_word' id='word_1_78' title='bbox 1569 543 1643 585; x_wconf 84' lang='lat' dir='ltr'><strong>plus</strong></span> <span class='ocrx_word' id='word_1_79' title='bbox 1673 545 1895 576; x_wconf 68' lang='lat' dir='ltr'><strong>ineemsrances.</strong></span> 
     </span>
     <span class='ocr_line' id='line_1_8' title="bbox 375 596 1897 642; baseline 0.001 -11"><span class='ocrx_word' id='word_1_80' title='bbox 375 598 453 631; x_wconf 79' lang='lat' dir='ltr'><strong>Cest</strong></span> <span class='ocrx_word' id='word_1_81' title='bbox 477 597 518 629; x_wconf 86' lang='lat' dir='ltr'><strong>de</strong></span> <span class='ocrx_word' id='word_1_82' title='bbox 545 599 615 630; x_wconf 83' lang='lat' dir='ltr'><strong>leur</strong></span> <span class='ocrx_word' id='word_1_83' title='bbox 637 598 813 635; x_wconf 85' lang='lat' dir='ltr'><strong>ensemble,</strong></span> <span class='ocrx_word' id='word_1_84' title='bbox 835 599 918 628; x_wconf 80' lang='lat' dir='ltr'><strong>ainsi</strong></span> <span class='ocrx_word' id='word_1_85' title='bbox 945 608 1008 640; x_wconf 81' lang='lat' dir='ltr'><strong>que</strong></span> <span class='ocrx_word' id='word_1_86' title='bbox 1033 596 1078 628; x_wconf 83' lang='lat' dir='ltr'><strong>du</strong></span> <span class='ocrx_word' id='word_1_87' title='bbox 1104 607 1256 628; x_wconf 79' lang='lat' dir='ltr'><strong>concours</strong></span> <span class='ocrx_word' id='word_1_88' title='bbox 1274 597 1330 629; x_wconf 84' lang='lat' dir='ltr'><strong>des</strong></span> <span class='ocrx_word' id='word_1_89' title='bbox 1345 609 1459 638; x_wconf 22' lang='lat' dir='ltr'><strong>*voeux</strong></span> <span class='ocrx_word' id='word_1_90' title='bbox 1482 609 1545 642; x_wconf 81' lang='lat' dir='ltr'><strong>que</strong></span> <span class='ocrx_word' id='word_1_91' title='bbox 1564 599 1714 637; x_wconf 66' lang='lat' dir='ltr'><strong>flumem</strong></span> <span class='ocrx_word' id='word_1_92' title='bbox 1743 602 1789 633; x_wconf 79' lang='lat' dir='ltr'><strong>les</strong></span> <span class='ocrx_word' id='word_1_93' title='bbox 1816 601 1897 632; x_wconf 61' lang='lat' dir='ltr'><strong>amit</strong></span> 
     </span>
     <span class='ocr_line' id='line_1_9' title="bbox 372 653 1898 698; baseline 0.001 -11"><span class='ocrx_word' id='word_1_94' title='bbox 372 655 414 687; x_wconf 85' lang='lat' dir='ltr'><strong>de</strong></span> <span class='ocrx_word' id='word_1_95' title='bbox 442 655 647 693; x_wconf 79' lang='grc' dir='ltr'><strong>ἰἸιιιιηαηὶτέ,</strong></span> <span class='ocrx_word' id='word_1_96' title='bbox 673 666 735 698; x_wconf 83' lang='lat' dir='ltr'><strong>que</strong></span> <span class='ocrx_word' id='word_1_97' title='bbox 753 660 834 696; x_wconf 81' lang='lat' dir='ltr'><strong>peut</strong></span> <span class='ocrx_word' id='word_1_98' title='bbox 857 655 988 686; x_wconf 65' lang='lat' dir='ltr'><strong>resultet·</strong></span> <span class='ocrx_word' id='word_1_99' title='bbox 1009 653 1222 696; x_wconf 57' lang='lat' dir='ltr'><strong>supplicatim</strong></span> <span class='ocrx_word' id='word_1_100' title='bbox 1248 654 1390 698; x_wconf 81' lang='lat' dir='ltr'><strong>effective</strong></span> <span class='ocrx_word' id='word_1_101' title='bbox 1414 654 1456 687; x_wconf 87' lang='lat' dir='ltr'><strong>de</strong></span> <span class='ocrx_word' id='word_1_102' title='bbox 1479 667 1530 688; x_wconf 80' lang='lat' dir='ltr'><strong>ces</strong></span> <span class='ocrx_word' id='word_1_103' title='bbox 1554 657 1666 689; x_wconf 72' lang='grc' dir='ltr'><strong>νένίιέε</strong></span> <span class='ocrx_word' id='word_1_104' title='bbox 1691 657 1714 690; x_wconf 84' lang='grc' dir='ltr'><em>ὰ</em></span> <span class='ocrx_word' id='word_1_105' title='bbox 1743 657 1898 691; x_wconf 71' lang='lat' dir='ltr'><strong>l’exmen-</strong></span> 
     </span>
     <span class='ocr_line' id='line_1_10' title="bbox 376 710 1061 754; baseline -0.001 -10"><span class='ocrx_word' id='word_1_106' title='bbox 376 723 414 744; x_wconf 84' lang='lat' dir='ltr'><strong>ce</strong></span> <span class='ocrx_word' id='word_1_107' title='bbox 440 713 559 745; x_wconf 71' lang='lat' dir='ltr'><strong>sociale</strong></span> <span class='ocrx_word' id='word_1_108' title='bbox 587 719 619 743; x_wconf 83' lang='lat' dir='ltr'><strong>et</strong></span> <span class='ocrx_word' id='word_1_109' title='bbox 635 712 794 754; x_wconf 83' lang='lat' dir='ltr'><strong>politique</strong></span> <span class='ocrx_word' id='word_1_110' title='bbox 816 710 872 743; x_wconf 88' lang='lat' dir='ltr'><strong>des</strong></span> <span class='ocrx_word' id='word_1_111' title='bbox 898 710 1061 743; x_wconf 80' lang='lat' dir='ltr'><strong>natiom.”</strong></span> 
     </span>
    </p>

    <p class='ocr_par' dir='ltr' id='par_1_3' title="bbox 370 755 1247 811">
     <span class='ocr_line' id='line_1_11' title="bbox 370 755 1247 811; baseline 0.001 -11"><span class='ocrx_word' id='word_1_112' title='bbox 370 755 372 758; x_wconf 85' lang='lat'>.</span> <span class='ocrx_word' id='word_1_113' title='bbox 463 770 554 800; x_wconf 81' lang='lat' dir='ltr'><strong>Saint</strong></span> <span class='ocrx_word' id='word_1_114' title='bbox 576 768 806 811; x_wconf 70' lang='lat' dir='ltr'><strong>Petersbourg,</strong></span> <span class='ocrx_word' id='word_1_115' title='bbox 831 768 860 800; x_wconf 85' lang='lat' dir='ltr'><strong>le</strong></span> <span class='ocrx_word' id='word_1_116' title='bbox 885 767 926 800; x_wconf 87' lang='grc'><strong>30</strong></span> <span class='ocrx_word' id='word_1_117' title='bbox 948 768 1128 801; x_wconf 73' lang='grc' dir='ltr'><strong>Νονειηόνε</strong></span> <span class='ocrx_word' id='word_1_118' title='bbox 1153 767 1247 801; x_wconf 87' lang='lat'>1816.</span> 
     </span>
    </p>
   </div>
   <div class='ocr_carea' id='block_1_3' title="bbox 1365 827 1817 860">
    <p class='ocr_par' dir='ltr' id='par_1_4' title="bbox 1365 827 1817 860">
     <span class='ocr_line' id='line_1_12' title="bbox 1365 827 1817 860; baseline 0.004 -3"><span class='ocrx_word' id='word_1_119' title='bbox 1365 827 1817 860; x_wconf 81' lang='lat' dir='ltr'><em>ALEXANDBE.</em></span> 
     </span>
    </p>
   </div>
   <div class='ocr_carea' id='block_1_4' title="bbox 370 935 1884 1265">
    <p class='ocr_par' dir='ltr' id='par_1_5' title="bbox 370 935 1884 1265">
     <span class='ocr_line' id='line_1_13' title="bbox 417 935 1881 983; baseline 0.003 -16"><span class='ocrx_word' id='word_1_120' title='bbox 417 937 506 976; x_wconf 87' lang='lat' dir='ltr'><strong>Quae</strong></span> <span class='ocrx_word' id='word_1_121' title='bbox 529 937 556 967; x_wconf 91' lang='lat' dir='ltr'><strong>si</strong></span> <span class='ocrx_word' id='word_1_122' title='bbox 584 936 721 979; x_wconf 82' lang='lat' dir='ltr'><strong>legeret,</strong></span> <span class='ocrx_word' id='word_1_123' title='bbox 745 943 776 968; x_wconf 88' lang='lat' dir='ltr'><strong>et</strong></span> <span class='ocrx_word' id='word_1_124' title='bbox 802 948 883 968; x_wconf 79' lang='lat' dir='ltr'><strong>eum·</strong></span> <span class='ocrx_word' id='word_1_125' title='bbox 905 937 1003 969; x_wconf 91' lang='lat' dir='ltr'><strong>libere</strong></span> <span class='ocrx_word' id='word_1_126' title='bbox 1029 943 1061 968; x_wconf 84' lang='lat' dir='ltr'><strong>et</strong></span> <span class='ocrx_word' id='word_1_127' title='bbox 1091 935 1232 981; x_wconf 82' lang='lat' dir='ltr'><strong>ingenue</strong></span> <span class='ocrx_word' id='word_1_128' title='bbox 1260 949 1279 969; x_wconf 86' lang='lat' dir='ltr'><strong>a</strong></span> <span class='ocrx_word' id='word_1_129' title='bbox 1302 939 1497 970; x_wconf 69' lang='lat' dir='ltr'><strong>Willemenb</strong></span> <span class='ocrx_word' id='word_1_130' title='bbox 1531 939 1657 981; x_wconf 82' lang='lat' dir='ltr'><strong>scriptis</strong></span> <span class='ocrx_word' id='word_1_131' title='bbox 1683 947 1881 983; x_wconf 75' lang='lat' dir='ltr'><strong>compararet·</strong></span> 
     </span>
     <span class='ocr_line' id='line_1_14' title="bbox 374 993 1883 1038; baseline 0.004 -16"><span class='ocrx_word' id='word_1_132' title='bbox 374 998 405 1023; x_wconf 76' lang='lat' dir='ltr'><strong>et</strong></span> <span class='ocrx_word' id='word_1_133' title='bbox 433 1003 510 1023; x_wconf 84' lang='lat' dir='ltr'><strong>vero</strong></span> <span class='ocrx_word' id='word_1_134' title='bbox 537 993 719 1024; x_wconf 88' lang='lat' dir='ltr'><strong>universam</strong></span> <span class='ocrx_word' id='word_1_135' title='bbox 749 994 855 1025; x_wconf 73' lang='lat' dir='ltr'><strong>Sancti</strong></span> <span class='ocrx_word' id='word_1_136' title='bbox 887 994 1034 1025; x_wconf 81' lang='lat' dir='ltr'><strong>Foederis</strong></span> <span class='ocrx_word' id='word_1_137' title='bbox 1065 1005 1192 1025; x_wconf 82' lang='lat' dir='ltr'><strong>causam</strong></span> <span class='ocrx_word' id='word_1_138' title='bbox 1222 995 1330 1026; x_wconf 85' lang='lat' dir='ltr'><strong>sedato</strong></span> <span class='ocrx_word' id='word_1_139' title='bbox 1361 995 1470 1025; x_wconf 86' lang='lat' dir='ltr'><strong>animo</strong></span> <span class='ocrx_word' id='word_1_140' title='bbox 1492 994 1700 1037; x_wconf 82' lang='lat' dir='ltr'>perpenderet</span> <span class='ocrx_word' id='word_1_141' title='bbox 1723 1002 1755 1027; x_wconf 79' lang='lat' dir='ltr'><strong>et</strong></span> <span class='ocrx_word' id='word_1_142' title='bbox 1779 996 1883 1038; x_wconf 80' lang='lat' dir='ltr'><strong>judica</strong></span> 
     </span>
     <span class='ocr_line' id='line_1_15' title="bbox 371 1049 1884 1094; baseline 0.003 -15"><span class='ocrx_word' id='word_1_143' title='bbox 371 1055 422 1079; x_wconf 72' lang='lat' dir='ltr'><strong>tet</strong></span> <span class='ocrx_word' id='word_1_144' title='bbox 449 1055 559 1081; x_wconf 84' lang='lat' dir='ltr'>auctor</span> <span class='ocrx_word' id='word_1_145' title='bbox 580 1050 654 1081; x_wconf 84' lang='lat' dir='ltr'>libri</span> <span class='ocrx_word' id='word_1_146' title='bbox 675 1050 830 1082; x_wconf 79' lang='lat' dir='ltr'><strong>Antc&#39;dote</strong></span> <span class='ocrx_word' id='word_1_147' title='bbox 848 1050 889 1081; x_wconf 84' lang='lat' dir='ltr'><strong>de</strong></span> <span class='ocrx_word' id='word_1_148' title='bbox 915 1051 1050 1094; x_wconf 70' lang='lat' dir='ltr'><strong>Congres</strong></span> <span class='ocrx_word' id='word_1_149' title='bbox 1067 1049 1108 1082; x_wconf 81' lang='lat' dir='ltr'><strong>de</strong></span> <span class='ocrx_word' id='word_1_150' title='bbox 1127 1054 1160 1083; x_wconf 92' lang='lat' dir='ltr'><em>V</em></span> <span class='ocrx_word' id='word_1_151' title='bbox 1158 1054 1269 1088; x_wconf 78' lang='lat' dir='ltr'><strong>ienne,</strong></span> <span class='ocrx_word' id='word_1_152' title='bbox 1296 1051 1359 1090; x_wconf 87' lang='lat' dir='ltr'><strong>(en</strong></span> <span class='ocrx_word' id='word_1_153' title='bbox 1381 1052 1531 1094; x_wconf 75' lang='lat' dir='ltr'><strong>Belquue</strong></span> <span class='ocrx_word' id='word_1_154' title='bbox 1549 1051 1625 1082; x_wconf 87' lang='lat' dir='ltr'><strong>chez</strong></span> <span class='ocrx_word' id='word_1_155' title='bbox 1646 1051 1690 1083; x_wconf 90' lang='lat' dir='ltr'><strong>les</strong></span> <span class='ocrx_word' id='word_1_156' title='bbox 1713 1051 1884 1084; x_wconf 82' lang='lat' dir='ltr'><strong>Marchand</strong></span> 
     </span>
     <span class='ocr_line' id='line_1_16' title="bbox 371 1105 1884 1151; baseline 0.003 -15"><span class='ocrx_word' id='word_1_157' title='bbox 371 1105 414 1136; x_wconf 90' lang='lat' dir='ltr'><strong>de</strong></span> <span class='ocrx_word' id='word_1_158' title='bbox 435 1108 654 1146; x_wconf 57' lang='lat' dir='ltr'><strong>Nouveauffis,</strong></span> <span class='ocrx_word' id='word_1_159' title='bbox 684 1107 803 1147; x_wconf 83' lang='lat'>1816‚)</span> <span class='ocrx_word' id='word_1_160' title='bbox 827 1119 895 1139; x_wconf 85' lang='lat' dir='ltr'><strong>non</strong></span> <span class='ocrx_word' id='word_1_161' title='bbox 924 1107 1056 1146; x_wconf 89' lang='lat' dir='ltr'><strong>dubito,</strong></span> <span class='ocrx_word' id='word_1_162' title='bbox 1082 1109 1163 1151; x_wconf 90' lang='lat' dir='ltr'><strong>quin</strong></span> <span class='ocrx_word' id='word_1_163' title='bbox 1183 1107 1329 1140; x_wconf 82' lang='lat' dir='ltr'><strong>futurum</strong></span> <span class='ocrx_word' id='word_1_164' title='bbox 1356 1115 1455 1147; x_wconf 82' lang='lat' dir='ltr'><strong>esset,</strong></span> <span class='ocrx_word' id='word_1_165' title='bbox 1478 1114 1514 1138; x_wconf 84' lang='lat' dir='ltr'><strong>ut</strong></span> <span class='ocrx_word' id='word_1_166' title='bbox 1537 1119 1611 1139; x_wconf 89' lang='lat' dir='ltr'><strong>eum</strong></span> <span class='ocrx_word' id='word_1_167' title='bbox 1635 1108 1769 1150; x_wconf 80' lang='lat' dir='ltr'><strong>puderet</strong></span> <span class='ocrx_word' id='word_1_168' title='bbox 1792 1109 1884 1141; x_wconf 86' lang='lat' dir='ltr'><strong>couvi</strong></span> 
     </span>
     <span class='ocr_line' id='line_1_17' title="bbox 370 1162 1884 1209; baseline 0.003 -17"><span class='ocrx_word' id='word_1_169' title='bbox 370 1162 512 1202; x_wconf 71' lang='lat' dir='ltr'><strong>tiorum,</strong></span> <span class='ocrx_word' id='word_1_170' title='bbox 526 1163 645 1207; x_wconf 90' lang='lat' dir='ltr'><strong>quibus</strong></span> <span class='ocrx_word' id='word_1_171' title='bbox 665 1164 769 1195; x_wconf 85' lang='lat' dir='ltr'><strong>Tome</strong></span> <span class='ocrx_word' id='word_1_172' title='bbox 787 1164 826 1194; x_wconf 89' lang='grc' dir='ltr'><strong>ΙΙ.</strong></span> <span class='ocrx_word' id='word_1_173' title='bbox 854 1175 887 1208; x_wconf 92' lang='lat' dir='ltr'><strong>p.</strong></span> <span class='ocrx_word' id='word_1_174' title='bbox 909 1163 1095 1196; x_wconf 79' lang='lat'><strong>125—128</strong></span> <span class='ocrx_word' id='word_1_175' title='bbox 1114 1171 1146 1195; x_wconf 77' lang='lat' dir='ltr'><strong>et</strong></span> <span class='ocrx_word' id='word_1_176' title='bbox 1167 1164 1244 1204; x_wconf 87' lang='lat'>130,</span> <span class='ocrx_word' id='word_1_177' title='bbox 1267 1165 1547 1208; x_wconf 76' lang='lat' dir='ltr'>integerrimorum</span> <span class='ocrx_word' id='word_1_178' title='bbox 1577 1165 1762 1209; x_wconf 85' lang='lat' dir='ltr'><strong>Principum</strong></span> <span class='ocrx_word' id='word_1_179' title='bbox 1784 1163 1884 1197; x_wconf 74' lang='lat' dir='ltr'><strong>saman</strong></span> 
     </span>
     <span class='ocr_line' id='line_1_18' title="bbox 373 1219 1686 1265; baseline 0.002 -15"><span class='ocrx_word' id='word_1_180' title='bbox 373 1219 553 1262; x_wconf 82' lang='lat' dir='ltr'><strong>petulanter</strong></span> <span class='ocrx_word' id='word_1_181' title='bbox 576 1220 805 1264; x_wconf 82' lang='lat' dir='ltr'><strong>proscindere,</strong></span> <span class='ocrx_word' id='word_1_182' title='bbox 829 1226 861 1253; x_wconf 86' lang='lat' dir='ltr'><strong>et</strong></span> <span class='ocrx_word' id='word_1_183' title='bbox 882 1232 950 1253; x_wconf 89' lang='lat' dir='ltr'><strong>rem</strong></span> <span class='ocrx_word' id='word_1_184' title='bbox 973 1221 1127 1265; x_wconf 87' lang='lat' dir='ltr'>optimam</span> <span class='ocrx_word' id='word_1_185' title='bbox 1149 1230 1329 1265; x_wconf 84' lang='lat' dir='ltr'>suspectam</span> <span class='ocrx_word' id='word_1_186' title='bbox 1352 1221 1484 1253; x_wconf 85' lang='lat' dir='ltr'><strong>reddere</strong></span> <span class='ocrx_word' id='word_1_187' title='bbox 1511 1232 1607 1252; x_wconf 86' lang='lat' dir='ltr'><strong>ausus</strong></span> <span class='ocrx_word' id='word_1_188' title='bbox 1630 1227 1686 1253; x_wconf 89' lang='lat' dir='ltr'><strong>est.</strong></span> 
     </span>
    </p>
   </div>
   <div class='ocr_carea' id='block_1_5' title="bbox 373 1332 1904 2098">
    <p class='ocr_par' dir='ltr' id='par_1_6' title="bbox 373 1332 1904 2057">
     <span class='ocr_line' id='line_1_19' title="bbox 418 1332 1883 1378; baseline 0.001 -14"><span class='ocrx_word' id='word_1_189' title='bbox 418 1332 482 1375; x_wconf 87' lang='grc'><strong>(8)</strong></span> <span class='ocrx_word' id='word_1_190' title='bbox 503 1335 541 1365; x_wconf 85' lang='lat' dir='ltr'><strong>In</strong></span> <span class='ocrx_word' id='word_1_191' title='bbox 571 1341 758 1378; x_wconf 70' lang='lat' dir='ltr'><strong>perpetuam</strong></span> <span class='ocrx_word' id='word_1_192' title='bbox 785 1334 883 1377; x_wconf 84' lang='lat' dir='ltr'><strong>hujus</strong></span> <span class='ocrx_word' id='word_1_193' title='bbox 905 1336 985 1366; x_wconf 76' lang='lat' dir='ltr'><strong>tanti</strong></span> <span class='ocrx_word' id='word_1_194' title='bbox 1008 1334 1163 1378; x_wconf 88' lang='lat' dir='ltr'><strong>Principis</strong></span> <span class='ocrx_word' id='word_1_195' title='bbox 1188 1346 1360 1377; x_wconf 73' lang='lat' dir='ltr'><strong>rerumque</strong></span> <span class='ocrx_word' id='word_1_196' title='bbox 1390 1334 1429 1365; x_wconf 77' lang='lat' dir='ltr'><strong>ab</strong></span> <span class='ocrx_word' id='word_1_197' title='bbox 1450 1346 1488 1366; x_wconf 91' lang='lat' dir='ltr'><strong>eo</strong></span> <span class='ocrx_word' id='word_1_198' title='bbox 1507 1340 1668 1377; x_wconf 56' lang='lat' dir='ltr'><strong>gerarum</strong></span> <span class='ocrx_word' id='word_1_199' title='bbox 1697 1334 1883 1366; x_wconf 85' lang='lat' dir='ltr'><strong>memoriam</strong></span> 
     </span>
     <span class='ocr_line' id='line_1_20' title="bbox 375 1389 1887 1435; baseline 0.001 -16"><span class='ocrx_word' id='word_1_200' title='bbox 375 1395 412 1419; x_wconf 86' lang='lat' dir='ltr'><strong>ut</strong></span> <span class='ocrx_word' id='word_1_201' title='bbox 436 1389 496 1420; x_wconf 87' lang='lat' dir='ltr'><strong>alia</strong></span> <span class='ocrx_word' id='word_1_202' title='bbox 523 1390 710 1430; x_wconf 86' lang='lat' dir='ltr'><strong>innumera,</strong></span> <span class='ocrx_word' id='word_1_203' title='bbox 741 1402 823 1435; x_wconf 89' lang='lat' dir='ltr'><strong>quae</strong></span> <span class='ocrx_word' id='word_1_204' title='bbox 855 1391 961 1423; x_wconf 89' lang='lat' dir='ltr'><strong>ubivis</strong></span> <span class='ocrx_word' id='word_1_205' title='bbox 991 1399 1136 1432; x_wconf 79' lang='lat' dir='ltr'><strong>exstant,</strong></span> <span class='ocrx_word' id='word_1_206' title='bbox 1159 1391 1346 1435; x_wconf 78' lang='lat' dir='ltr'><strong>prudentiae</strong></span> <span class='ocrx_word' id='word_1_207' title='bbox 1376 1392 1476 1435; x_wconf 69' lang='lat' dir='ltr'><strong>ipsius</strong></span> <span class='ocrx_word' id='word_1_208' title='bbox 1499 1397 1530 1422; x_wconf 89' lang='lat' dir='ltr'><strong>et</strong></span> <span class='ocrx_word' id='word_1_209' title='bbox 1563 1391 1690 1434; x_wconf 77' lang='lat' dir='ltr'><strong>pietatis</strong></span> <span class='ocrx_word' id='word_1_210' title='bbox 1711 1401 1887 1422; x_wconf 86' lang='lat' dir='ltr'><strong>monumen</strong></span> 
     </span>
     <span class='ocr_line' id='line_1_21' title="bbox 376 1446 1887 1492; baseline 0.003 -17"><span class='ocrx_word' id='word_1_211' title='bbox 376 1450 429 1483; x_wconf 82' lang='lat' dir='ltr'><strong>ta,</strong></span> <span class='ocrx_word' id='word_1_212' title='bbox 451 1446 495 1477; x_wconf 86' lang='lat' dir='ltr'><strong>ita</strong></span> <span class='ocrx_word' id='word_1_213' title='bbox 522 1453 554 1478; x_wconf 85' lang='lat' dir='ltr'><strong>et</strong></span> <span class='ocrx_word' id='word_1_214' title='bbox 579 1448 765 1480; x_wconf 83' lang='lat' dir='ltr'><strong>admiranda</strong></span> <span class='ocrx_word' id='word_1_215' title='bbox 791 1448 844 1480; x_wconf 85' lang='lat' dir='ltr'><strong>illa</strong></span> <span class='ocrx_word' id='word_1_216' title='bbox 863 1448 1009 1492; x_wconf 87' lang='lat' dir='ltr'><strong>religiose</strong></span> <span class='ocrx_word' id='word_1_217' title='bbox 1035 1449 1152 1481; x_wconf 80' lang='lat' dir='ltr'><strong>servari</strong></span> <span class='ocrx_word' id='word_1_218' title='bbox 1179 1448 1297 1480; x_wconf 87' lang='lat' dir='ltr'><strong>debent</strong></span> <span class='ocrx_word' id='word_1_219' title='bbox 1317 1449 1437 1487; x_wconf 84' lang='lat' dir='ltr'><strong>edicta,</strong></span> <span class='ocrx_word' id='word_1_220' title='bbox 1460 1459 1541 1491; x_wconf 85' lang='lat' dir='ltr'><strong>quae</strong></span> <span class='ocrx_word' id='word_1_221' title='bbox 1563 1447 1665 1479; x_wconf 85' lang='lat' dir='ltr'><strong>edidit</strong></span> <span class='ocrx_word' id='word_1_222' title='bbox 1694 1446 1746 1478; x_wconf 88' lang='lat' dir='ltr'><strong>die</strong></span> <span class='ocrx_word' id='word_1_223' title='bbox 1776 1458 1820 1479; x_wconf 87' lang='lat' dir='ltr'><strong>xv</strong></span> <span class='ocrx_word' id='word_1_224' title='bbox 1837 1449 1887 1479; x_wconf 89' lang='lat' dir='ltr'><strong>No</strong></span> 
     </span>
     <span class='ocr_line' id='line_1_22' title="bbox 373 1502 1892 1549; baseline 0.001 -17"><span class='ocrx_word' id='word_1_225' title='bbox 373 1502 516 1534; x_wconf 83' lang='lat' dir='ltr'><strong>vembris</strong></span> <span class='ocrx_word' id='word_1_226' title='bbox 532 1505 749 1544; x_wconf 82' lang='lat' dir='ltr'>MDCCCXII,</span> <span class='ocrx_word' id='word_1_227' title='bbox 771 1511 802 1536; x_wconf 88' lang='lat' dir='ltr'><strong>et</strong></span> <span class='ocrx_word' id='word_1_228' title='bbox 825 1516 859 1536; x_wconf 75' lang='grc' dir='ltr'><em>Ἦ</em></span> <span class='ocrx_word' id='word_1_229' title='bbox 876 1507 1017 1536; x_wconf 84' lang='lat' dir='ltr'><strong>Januarii</strong></span> <span class='ocrx_word' id='word_1_230' title='bbox 1041 1507 1272 1544; x_wconf 87' lang='lat' dir='ltr'>MDCCCXIII;</span> <span class='ocrx_word' id='word_1_231' title='bbox 1295 1507 1406 1549; x_wconf 84' lang='lat' dir='ltr'><strong>prius,</strong></span> <span class='ocrx_word' id='word_1_232' title='bbox 1438 1504 1572 1536; x_wconf 82' lang='lat' dir='ltr'><strong>mirifice</strong></span> <span class='ocrx_word' id='word_1_233' title='bbox 1596 1503 1725 1535; x_wconf 87' lang='lat' dir='ltr'><strong>liberata</strong></span> <span class='ocrx_word' id='word_1_234' title='bbox 1750 1503 1790 1534; x_wconf 84' lang='lat' dir='ltr'><strong>ab</strong></span> <span class='ocrx_word' id='word_1_235' title='bbox 1812 1503 1892 1534; x_wconf 68' lang='lat' dir='ltr'><strong>husu</strong></span> 
     </span>
     <span class='ocr_line' id='line_1_23' title="bbox 376 1558 1899 1605; baseline 0.001 -17"><span class='ocrx_word' id='word_1_236' title='bbox 376 1558 515 1602; x_wconf 83' lang='lat' dir='ltr'><strong>profugo</strong></span> <span class='ocrx_word' id='word_1_237' title='bbox 543 1562 694 1601; x_wconf 70' lang='lat' dir='ltr'><strong>Moecua,</strong></span> <span class='ocrx_word' id='word_1_238' title='bbox 726 1561 860 1593; x_wconf 80' lang='lat' dir='ltr'><strong>alterum</strong></span> <span class='ocrx_word' id='word_1_239' title='bbox 881 1562 993 1594; x_wconf 92' lang='lat' dir='ltr'><strong>eodem</strong></span> <span class='ocrx_word' id='word_1_240' title='bbox 1027 1564 1092 1604; x_wconf 78' lang='lat' dir='ltr'><strong>jam</strong></span> <span class='ocrx_word' id='word_1_241' title='bbox 1123 1562 1206 1594; x_wconf 81' lang='lat' dir='ltr'><strong>ultra</strong></span> <span class='ocrx_word' id='word_1_242' title='bbox 1235 1564 1325 1605; x_wconf 86' lang='lat' dir='ltr'><strong>regni</strong></span> <span class='ocrx_word' id='word_1_243' title='bbox 1352 1561 1433 1593; x_wconf 86' lang='lat' dir='ltr'><strong>fines</strong></span> <span class='ocrx_word' id='word_1_244' title='bbox 1458 1561 1588 1604; x_wconf 88' lang='lat' dir='ltr'><strong>repulso</strong></span> <span class='ocrx_word' id='word_1_245' title='bbox 1611 1567 1642 1592; x_wconf 81' lang='lat' dir='ltr'><strong>et</strong></span> <span class='ocrx_word' id='word_1_246' title='bbox 1666 1560 1759 1603; x_wconf 82' lang='lat' dir='ltr'><strong>plane</strong></span> <span class='ocrx_word' id='word_1_247' title='bbox 1786 1559 1899 1599; x_wconf 73' lang='lat' dir='ltr'><strong>fract03</strong></span> 
     </span>
     <span class='ocr_line' id='line_1_24' title="bbox 375 1616 1903 1661; baseline 0.002 -17"><span class='ocrx_word' id='word_1_248' title='bbox 375 1621 552 1659; x_wconf 80' lang='lat' dir='ltr'><strong>utrumque</strong></span> <span class='ocrx_word' id='word_1_249' title='bbox 579 1617 779 1649; x_wconf 81' lang='lat' dir='ltr'><strong>calidissimis</strong></span> <span class='ocrx_word' id='word_1_250' title='bbox 810 1629 885 1661; x_wconf 87' lang='lat' dir='ltr'><strong>erga</strong></span> <span class='ocrx_word' id='word_1_251' title='bbox 914 1620 1017 1650; x_wconf 88' lang='lat' dir='ltr'><strong>Deum</strong></span> <span class='ocrx_word' id='word_1_252' title='bbox 1042 1619 1214 1661; x_wconf 72' lang='lat' dir='ltr'><strong>gratiarum</strong></span> <span class='ocrx_word' id='word_1_253' title='bbox 1242 1618 1423 1650; x_wconf 67' lang='lat' dir='ltr'><strong>actionibus</strong></span> <span class='ocrx_word' id='word_1_254' title='bbox 1446 1618 1599 1661; x_wconf 80' lang='lat' dir='ltr'><strong>plenum,</strong></span> <span class='ocrx_word' id='word_1_255' title='bbox 1629 1623 1661 1647; x_wconf 90' lang='lat' dir='ltr'><strong>et</strong></span> <span class='ocrx_word' id='word_1_256' title='bbox 1686 1616 1903 1647; x_wconf 85' lang='lat' dir='ltr'><strong>nobilissimos</strong></span> 
     </span>
     <span class='ocr_line' id='line_1_25' title="bbox 376 1670 1904 1719; baseline 0.002 -19"><span class='ocrx_word' id='word_1_257' title='bbox 376 1670 552 1719; x_wconf 77' lang='lat' dir='ltr'><strong>Religionis</strong></span> <span class='ocrx_word' id='word_1_258' title='bbox 573 1684 684 1705; x_wconf 81' lang='lat' dir='ltr'><strong>sensus</strong></span> <span class='ocrx_word' id='word_1_259' title='bbox 703 1675 834 1717; x_wconf 82' lang='lat' dir='ltr'><strong>spirans.</strong></span> <span class='ocrx_word' id='word_1_260' title='bbox 882 1675 1028 1706; x_wconf 82' lang='lat' dir='ltr'><strong>Eundem</strong></span> <span class='ocrx_word' id='word_1_261' title='bbox 1054 1677 1153 1706; x_wconf 83' lang='lat' dir='ltr'><strong>animi</strong></span> <span class='ocrx_word' id='word_1_262' title='bbox 1182 1678 1249 1707; x_wconf 88' lang='lat' dir='ltr'><strong>Deo</strong></span> <span class='ocrx_word' id='word_1_263' title='bbox 1282 1682 1312 1706; x_wconf 91' lang='lat' dir='ltr'><strong>et</strong></span> <span class='ocrx_word' id='word_1_264' title='bbox 1341 1674 1499 1717; x_wconf 81' lang='lat' dir='ltr'><strong>Religioni</strong></span> <span class='ocrx_word' id='word_1_265' title='bbox 1534 1673 1628 1717; x_wconf 78' lang='lat' dir='ltr'><strong>plane</strong></span> <span class='ocrx_word' id='word_1_266' title='bbox 1653 1673 1760 1704; x_wconf 80' lang='lat' dir='ltr'><strong>devoti</strong></span> <span class='ocrx_word' id='word_1_267' title='bbox 1784 1672 1904 1704; x_wconf 89' lang='lat' dir='ltr'><strong>cando-</strong></span> 
     </span>
     <span class='ocr_line' id='line_1_26' title="bbox 377 1720 1903 1774; baseline 0.003 -17"><span class='ocrx_word' id='word_1_268' title='bbox 377 1736 446 1757; x_wconf 83' lang='lat' dir='ltr'><strong>rem</strong></span> <span class='ocrx_word' id='word_1_269' title='bbox 473 1729 639 1771; x_wconf 67' lang='lat' dir='ltr'><strong>insigniter</strong></span> <span class='ocrx_word' id='word_1_270' title='bbox 666 1737 821 1762; x_wconf 70' lang='lat' dir='ltr'><strong>testantur</strong></span> <span class='ocrx_word' id='word_1_271' title='bbox 848 1731 1115 1774; x_wconf 72' lang='lat' dir='ltr'><strong>praestantissima</strong></span> <span class='ocrx_word' id='word_1_272' title='bbox 1145 1720 1272 1770; x_wconf 53' lang='lat' dir='ltr'><strong>edicta:</strong></span> <span class='ocrx_word' id='word_1_273' title='bbox 1292 1742 1374 1774; x_wconf 71' lang='lat' dir='ltr'><strong>quae</strong></span> <span class='ocrx_word' id='word_1_274' title='bbox 1402 1731 1435 1761; x_wconf 88' lang='lat' dir='ltr'><strong>in</strong></span> <span class='ocrx_word' id='word_1_275' title='bbox 1465 1730 1568 1761; x_wconf 85' lang='lat' dir='ltr'><strong>lucem</strong></span> <span class='ocrx_word' id='word_1_276' title='bbox 1602 1730 1730 1773; x_wconf 86' lang='lat' dir='ltr'><strong>prodire</strong></span> <span class='ocrx_word' id='word_1_277' title='bbox 1753 1728 1847 1771; x_wconf 85' lang='lat' dir='ltr'><strong>jussit</strong></span> <span class='ocrx_word' id='word_1_278' title='bbox 1869 1728 1903 1761; x_wconf 92' lang='lat' dir='ltr'><strong>d.</strong></span> 
     </span>
     <span class='ocr_line' id='line_1_27' title="bbox 376 1785 1900 1829; baseline 0.003 -17"><span class='ocrx_word' id='word_1_279' title='bbox 376 1793 439 1813; x_wconf 79' lang='lat' dir='ltr'><strong>xxx</strong></span> <span class='ocrx_word' id='word_1_280' title='bbox 464 1786 647 1817; x_wconf 89' lang='lat' dir='ltr'><strong>Decembris</strong></span> <span class='ocrx_word' id='word_1_281' title='bbox 669 1789 900 1826; x_wconf 81' lang='lat' dir='ltr'>MDCCCXIH,</span> <span class='ocrx_word' id='word_1_282' title='bbox 930 1794 961 1818; x_wconf 86' lang='lat' dir='ltr'><strong>et</strong></span> <span class='ocrx_word' id='word_1_283' title='bbox 984 1799 1016 1818; x_wconf 74' lang='lat' dir='ltr'>w</span> <span class='ocrx_word' id='word_1_284' title='bbox 1034 1789 1174 1819; x_wconf 73' lang='lat' dir='ltr'><strong>‚Ianuarii</strong></span> <span class='ocrx_word' id='word_1_285' title='bbox 1199 1789 1423 1824; x_wconf 80' lang='lat' dir='ltr'>MDCCCXIV,</span> <span class='ocrx_word' id='word_1_286' title='bbox 1448 1798 1550 1829; x_wconf 89' lang='lat' dir='ltr'><strong>quum</strong></span> <span class='ocrx_word' id='word_1_287' title='bbox 1577 1785 1808 1817; x_wconf 68' lang='lat' dir='ltr'><strong>foederatarum</strong></span> <span class='ocrx_word' id='word_1_288' title='bbox 1825 1795 1900 1827; x_wconf 81' lang='lat' dir='ltr'><strong>gen-</strong></span> 
     </span>
     <span class='ocr_line' id='line_1_28' title="bbox 374 1840 1899 1888; baseline 0.003 -19"><span class='ocrx_word' id='word_1_289' title='bbox 374 1840 459 1870; x_wconf 71' lang='lat' dir='ltr'><strong>tium</strong></span> <span class='ocrx_word' id='word_1_290' title='bbox 486 1843 594 1884; x_wconf 88' lang='lat' dir='ltr'><strong>copiae</strong></span> <span class='ocrx_word' id='word_1_291' title='bbox 619 1845 702 1886; x_wconf 88' lang='lat' dir='ltr'><strong>ipsas</strong></span> <span class='ocrx_word' id='word_1_292' title='bbox 725 1843 891 1875; x_wconf 87' lang='lat' dir='ltr'><strong>Gallorum</strong></span> <span class='ocrx_word' id='word_1_293' title='bbox 923 1850 1020 1874; x_wconf 79' lang='lat' dir='ltr'><strong>terras</strong></span> <span class='ocrx_word' id='word_1_294' title='bbox 1046 1852 1256 1888; x_wconf 78' lang='lat' dir='ltr'><strong>occupaturae</strong></span> <span class='ocrx_word' id='word_1_295' title='bbox 1288 1849 1413 1881; x_wconf 81' lang='lat' dir='ltr'><strong>essent,</strong></span> <span class='ocrx_word' id='word_1_296' title='bbox 1436 1850 1468 1874; x_wconf 75' lang='lat' dir='ltr'><strong>ek</strong></span> <span class='ocrx_word' id='word_1_297' title='bbox 1492 1842 1580 1886; x_wconf 89' lang='lat' dir='ltr'><strong>quod</strong></span> <span class='ocrx_word' id='word_1_298' title='bbox 1609 1854 1688 1873; x_wconf 81' lang='lat' dir='ltr'><strong>xvui</strong></span> <span class='ocrx_word' id='word_1_299' title='bbox 1708 1842 1783 1885; x_wconf 78' lang='lat' dir='ltr'><strong>Maji</strong></span> <span class='ocrx_word' id='word_1_300' title='bbox 1801 1848 1899 1884; x_wconf 77' lang='lat' dir='ltr'><strong>poste-</strong></span> 
     </span>
     <span class='ocr_line' id='line_1_29' title="bbox 377 1895 1899 1943; baseline 0.004 -19"><span class='ocrx_word' id='word_1_301' title='bbox 377 1895 472 1927; x_wconf 83' lang='lat' dir='ltr'><strong>rioris</strong></span> <span class='ocrx_word' id='word_1_302' title='bbox 493 1899 569 1929; x_wconf 90' lang='lat' dir='ltr'><strong>anni</strong></span> <span class='ocrx_word' id='word_1_303' title='bbox 596 1900 635 1931; x_wconf 85' lang='lat' dir='ltr'><strong>ad</strong></span> <span class='ocrx_word' id='word_1_304' title='bbox 657 1903 808 1932; x_wconf 84' lang='lat' dir='ltr'><strong>Senatum</strong></span> <span class='ocrx_word' id='word_1_305' title='bbox 826 1899 1097 1943; x_wconf 81' lang='lat' dir='ltr'><strong>Petropolitanum</strong></span> <span class='ocrx_word' id='word_1_306' title='bbox 1114 1902 1238 1933; x_wconf 76' lang='lat' dir='ltr'><strong>Parisiis</strong></span> <span class='ocrx_word' id='word_1_307' title='bbox 1260 1901 1364 1937; x_wconf 79' lang='lat' dir='ltr'><strong>misit,</strong></span> <span class='ocrx_word' id='word_1_308' title='bbox 1386 1911 1453 1943; x_wconf 88' lang='lat' dir='ltr'><strong>quo</strong></span> <span class='ocrx_word' id='word_1_309' title='bbox 1476 1911 1536 1943; x_wconf 87' lang='lat' dir='ltr'><strong>pro</strong></span> <span class='ocrx_word' id='word_1_310' title='bbox 1557 1899 1619 1930; x_wconf 90' lang='lat' dir='ltr'><strong>huc</strong></span> <span class='ocrx_word' id='word_1_311' title='bbox 1646 1909 1748 1941; x_wconf 86' lang='lat' dir='ltr'><strong>usque</strong></span> <span class='ocrx_word' id='word_1_312' title='bbox 1768 1897 1899 1930; x_wconf 76' lang='lat' dir='ltr'><strong>feliciter</strong></span> 
     </span>
     <span class='ocr_line' id='line_1_30' title="bbox 377 1951 1899 2000; baseline 0.002 -18"><span class='ocrx_word' id='word_1_313' title='bbox 377 1951 513 1993; x_wconf 84' lang='lat' dir='ltr'><strong>perfecta</strong></span> <span class='ocrx_word' id='word_1_314' title='bbox 530 1957 649 1998; x_wconf 73' lang='lat' dir='ltr'><strong>patriae</strong></span> <span class='ocrx_word' id='word_1_315' title='bbox 677 1964 708 1988; x_wconf 87' lang='lat' dir='ltr'><strong>et</strong></span> <span class='ocrx_word' id='word_1_316' title='bbox 735 1959 832 1989; x_wconf 86' lang='lat' dir='ltr'><strong>totius</strong></span> <span class='ocrx_word' id='word_1_317' title='bbox 854 1959 998 2000; x_wconf 87' lang='lat' dir='ltr'><strong>Europae</strong></span> <span class='ocrx_word' id='word_1_318' title='bbox 1018 1957 1205 1988; x_wconf 69' lang='lat' dir='ltr'><strong>liberatione</strong></span> <span class='ocrx_word' id='word_1_319' title='bbox 1221 1956 1368 1988; x_wconf 79' lang='lat' dir='ltr'><strong>solennes</strong></span> <span class='ocrx_word' id='word_1_320' title='bbox 1391 1967 1446 2000; x_wconf 87' lang='lat' dir='ltr'><strong>per</strong></span> <span class='ocrx_word' id='word_1_321' title='bbox 1468 1966 1580 1986; x_wconf 86' lang='lat' dir='ltr'><strong>omnes</strong></span> <span class='ocrx_word' id='word_1_322' title='bbox 1600 1955 1690 1998; x_wconf 86' lang='lat' dir='ltr'><strong>regui</strong></span> <span class='ocrx_word' id='word_1_323' title='bbox 1709 1962 1811 1998; x_wconf 78' lang='lat' dir='ltr'><strong>partes</strong></span> <span class='ocrx_word' id='word_1_324' title='bbox 1830 1956 1899 1986; x_wconf 86' lang='lat' dir='ltr'><strong>Deo</strong></span> 
     </span>
     <span class='ocr_line' id='line_1_31' title="bbox 374 2010 1902 2057; baseline 0.002 -18"><span class='ocrx_word' id='word_1_325' title='bbox 374 2010 493 2050; x_wconf 41' lang='lat' dir='ltr'><strong>*gratias</strong></span> <span class='ocrx_word' id='word_1_326' title='bbox 521 2012 651 2054; x_wconf 77' lang='lat' dir='ltr'><strong>perferri</strong></span> <span class='ocrx_word' id='word_1_327' title='bbox 678 2015 781 2057; x_wconf 75' lang='lat' dir='ltr'><strong>jussit.</strong></span> <span class='ocrx_word' id='word_1_328' title='bbox 838 2015 1022 2046; x_wconf 77' lang='lat' dir='ltr'><strong>Praesertim</strong></span> <span class='ocrx_word' id='word_1_329' title='bbox 1062 2015 1217 2046; x_wconf 74' lang='lat' dir='ltr'><strong>intactum</strong></span> <span class='ocrx_word' id='word_1_330' title='bbox 1249 2014 1428 2057; x_wconf 84' lang='lat' dir='ltr'><strong>relinquere</strong></span> <span class='ocrx_word' id='word_1_331' title='bbox 1461 2023 1587 2054; x_wconf 90' lang='lat' dir='ltr'><strong>nequeo</strong></span> <span class='ocrx_word' id='word_1_332' title='bbox 1616 2012 1705 2044; x_wconf 87' lang='lat' dir='ltr'><strong>omni</strong></span> <span class='ocrx_word' id='word_1_333' title='bbox 1730 2010 1902 2055; x_wconf 82' lang='lat' dir='ltr'><strong>praeconio</strong></span> 
     </span>
    </p>

    <p class='ocr_par' dir='ltr' id='par_1_7' title="bbox 1834 2077 1900 2098">
     <span class='ocr_line' id='line_1_32' title="bbox 1834 2077 1900 2098; baseline -0.015 0"><span class='ocrx_word' id='word_1_334' title='bbox 1834 2077 1900 2098; x_wconf 86' lang='lat' dir='ltr'><strong>ma-</strong></span> 
     </span>
    </p>
   </div>
  </div>
 </body>
</html>
