1940 2474
531 146 1052 191 COMMENTA'TI‘O
1117 157 1528 199 sun-1·D³1:CA:·’‘
1581 171 1598 177 .,
1710 174 1751 207 35

241 236 369 273 bilibus,
391 238 433 267 uti
455 239 483 268 in
509 242 616 278 servis,
639 249 697 271 erat
719 244 805 272 unius
825 245 906 281 anni3
929 241 963 275 in*
979 248 1196 285 immobilibus,
1213 245 1344 283 triennii.
1386 254 1454 290 JCti
1478 260 1591 291 autem,
1612 257 1664 293 qui
1688 259 1743 289 hoc

238 289 378 318 Praetoris
402 290 538 320 Edictum
562 294 759 330 explicarunt,
790 304 901 332 semper
922 299 958 328 de
980 306 1073 328 vetere
1094 300 1148 329 illo
1169 302 1232 337 jure
1252 310 1389 340 egerunt,
1420 306 1554 341 quoniam
1576 307 1611 335 ifs
1633 317 1744 340 novum

236 340 284 376 J'us
312 340 492 378 incognitum
522 350 598 380 erat,
626 346 734 382 quippe
766 348 815 382 qui
842 356 905 377 ante
928 349 1127 386 Imperatorem
1153 352 1295 383 vixerunt.
1339 355 1448 386 Merito
1473 364 1565 386 autem
1588 359 1682 396 JCtus
1711 362 1746 390 de

238 398 321 419 servo
342 394 470 422 nondum
495 396 629 425 anniculo
655 398 727 426 hanc
757 398 896 428 actionem
924 402 1074 437 concedit,
1102 403 1169 439 quia
1196 405 1361 436 Publiciana
1385 408 1467 436 datur
1495 411 1529 437 de
1558 419 1586 439 re
1614 413 1745 443 nondum

236 449 398 479 insumpta,
428 452 454 473 et
472 445 508 474 'in
531 455 560 475 ea
581 456 640 476 non
660 449 815 485 requiritur
837 458 870 479 ut
884 453 941 488 J'am
967 452 1081 488 impleta
1100 455 1139 483 sit
1162 455 1331 494 Usucapio,
1361 460 1470 496 quippe
1490 467 1559 490 tunc
1581 463 1645 498 jure
1664 463 1743 493 civili

237 493 282 529 agi
302 502 420 531 posset,
444 498 492 525 sed
510 499 633 535 sufficit,-
655 500 683 529 in
705 508 734 529 re
750 501 818 538 illa,
842 512 914 538 quae
934 504 1100 535 Publiciana
1123 508 1251 545 petitur,
1277 510 1491 547 Usueapiouem
1515 514 1608 541 tractu
1633 520 1744 551 tempo-

234 543 273 572 ris
295 544 406 581 impleri
426 557 524 584 posse.

269 595 369 633 Quum
393 599 560 630 Publiciana
579 612 631 639 per
647 604 742 633 omnia
763 606 865 635 similis
890 606 927 635 sit
943 607 981 635 rei
996 600 1214 645 Vindicationi,
1236 613 1386 649 sequitur,
1408 623 1485 650 rem,
1507 616 1549 644 uti
1564 617 1594 646 iu
1612 618 1649 645 rei
1666 619 1737 647 Vin-

231 645 374 677 dicatione
393 651 456 687 (L.
473 654 519 687 76.
539 660 589 691 pr.
607 655 645 691 ff.
672 655 711 684 R.
733 657 794 694 V.)
815 667 869 694 pro
887 665 966 694 parte
986 660 1045 695 peti
1069 669 1167 696 posse.
1216 663 1274 700 Qui
1300 664 1389 700 igitur
1412 666 1442 695 b.
1465 667 1488 696 f.
1515 677 1544 696 v.
1566 677 1592 697 c.
1619 669 1740 700 fundum

233 696 432 730 Tusculanum
452 705 570 740 emerit,
600 707 661 743 ejus
681 715 805 743 partein,
835 710 938 738 amissa
959 711 1166 747 possessione,
1188 713 1352 743 Publiciana
1380 725 1505 752 repetere
1530 726 1637 755 potest.
1676 721 1739 750 Nee

231 756 307 783 opus
333 758 393 786 est,
416 760 448 781 ut
474 755 522 790 qui
539 763 618 791 petat
640 767 691 793 per
711 767 818 788 certum
845 768 958 796 tempus
980 762 1009 789 in
1035 764 1221 798 possessione
1243 765 1280 793 rei
1302 766 1409 803 fuerit,
1431 777 1495 797 cum
1517 771 1600 798 etiam
1624 770 1666 804 is,
1690 771 1740 806 qui

230 806 377 831 momento
397 806 528 839 possedit
541 827 551 840 ,
582 815 656 836 recte
677 810 728 837 hac
752 810 867 839 actione
885 812 1053 848 experiatur.
1102 814 1219 851 Semper
1238 824 1330 846 autem
1355 819 1528 854 requiritur,
1556 828 1587 849 ut
1606 831 1739 857 possessa

230 847 318 878 fuerit
335 861 399 888 res,
422 863 524 891 nempe
547 856 596 885 ina
618 867 654 888 ex
670 868 773 897 causa,
795 870 829 890 ex
852 871 908 898 qua
924 863 1094 893 Dominium
1110 874 1168 894 non
1186 867 1242 896 uisi
1265 868 1431 899 Traditioue
1447 871 1620 906 acquirimus
1643 879 1699 910 <45
1709 875 1737 911 ).

841 966 894 995 Ad
918 967 1022 1005 Legem
1050 968 1126 999 XIII.

225 1054 228 1055 ⁷
263 1054 381 1088 Praetor
399 1058 594 1093 Publicianam
617 1071 726 1096 tantum
751 1069 889 1098 'concedit
910 1078 944 1100 ex
967 1071 1103 1102 Emtione
1127 1074 1310 1106 Venditione.
1355 1074 1442 1115 JCti,
1473 1083 1531 1109 eam
1555 1081 1591 1108 ad
1611 1079 1735 1109 diversas

226 1107 295 1137 alias
315 1111 410 1147 iustas
433 1122 536 1144 causas
558 1117 736 1148 alienationis
759 1122 964 1158 extenderunt,
987 1133 1059 1160 quas
1082 1134 1283 1157 recensuerunt
1308 1129 1337 1159 in
1358 1130 1397 1158 L.
1421 1140 1456 1167 3,
1477 1140 1514 1166 4,
1536 1139 1569 1167 5,
1591 1132 1620 1160 6·

263 1159 352 1197 Ccy'us
370 1171 448 1194 nunc
473 1175 532 1196 eam
552 1169 685 1199 universe
705 1171 826 1207 tribuit,
858 1182 891 1202 ex
915 1175 1141 1213 quibuscunque
1164 1180 1259 1208 causis
1289 1182 1455 1217 acquirendi
1482 1192 1575 1212 rerum
1605 1183 1732 1220 domini,

221 1211 312 1238 'modo
334 1223 437 1245 causae
459 1217 523 1247 illae
552 1220 611 1250 sint
641 1223 745 1260 justae.
794 1225 895 1254 Statim
930 1234 1021 1257 autem
1053 1229 1191 1259 limitatur
1214 1231 1280 1260 haec
1313 1234 1409 1269 regula
1430 1234 1459 1262 in
1488 1235 1675 1272 pigneratitiis
1706 1241 1734 1264 et

216 1262 360 1295 >precariis
386 1270 637 1302 possessionibus.
695 1275 763 1304 Illae
791 1276 886 1313 enim,
922 1280 1053 1314 quamvis
1085 1282 1202 1318 justae,
1238 1284 1273 1312 ad
1302 1284 1498 1315 Publicianam
1530 1296 1589 1316 non
1624 1288 1729 1316 valent.

221 1309 308 1342 Ratio
331 1324 346 1344 a
365 1317 443 1353 JCto
465 1321 531 1357 ipso
552 1325 689 1362 traditur,
720 1328 874 1365 quoniam,
906 1331 956 1366 qui
980 1332 1107 1368 precario
1138 1334 1288 1370 possidet,
1313 1337 1359 1364 vel
1383 1337 1526 1372 creditor,
1556 1338 1605 1372 qui
1623 1338 1730 1374 pignus

213 1359 324 1394 ffiabee,
353 1375 411 1389 mm
443 1371 481 1390 :m
510 1370 660 1399 possmet,
693 1376 723 1406 ui
754 1386 784 1404 ,c
812 1382 919 1415 credas
939 1383 1117 1412 Dominum,
1147 1385 1176 1407 id
1207 1387 1286 1415 quod
1316 1387 1470 1419 requiritur
1498 1387 1527 1415 in
1554 1388 1730 1419 Publiciana.

213 1408 372 1439 “Possessio
392 1419 450 1440 non
470 1413 553 1442 debet
575 1423 637 1444 esse
660 1419 844 1455 temporalis,
867 1422 916 1450 sed
937 1433 1074 1461 perpetua
1096 1434 1124 1455 et
1143 1428 1349 1462 irrevocabilis.
1386 1436 1469 1472 Jam,
1492 1439 1542 1474 qui
1560 1440 1665 1476 pignus
1683 1442 1730 1468 ha*-

212 1458 288 1496 “bct,
311 1461 382 1491 illud
401 1463 508 1492 tamdiu
532 1471 642 1495 tantum
663 1469 814 1507 possidet,
837 1475 973 1508 quamdiu
993 1477 1119 1508 debitum
1143 1483 1270 1512 nondum
1295 1487 1422 1516 solutum
1445 1490 1502 1523 sit3
1531 1500 1591 1525 quo
1610 1491 1727 1528 solutos,

221 1511 334 1541 debitor
353 1522 409 1542 rem
430 1516 647 1553 oppignoratam
677 1521 797 1558 recipit,
821 1531 848 1551 et
871 1523 976 1556 amittit
999 1530 1122 1559 creditor
1143 1533 1212 1569 jus,
1241 1538 1319 1570 quod
1339 1538 1368 1566 in
1390 1540 1497 1575 pignus
1521 1541 1632 1570 habuit.
1678 1543 1725 1571 Sic

220 1569 248 1591 et
267 1563 296 1592 in
317 1567 455 1601 precario.
501 1568 559 1607 Qui
583 1570 655 1599 enim
680 1573 804 1608 precario
833 1578 979 1615 possidet,
1009 1582 1117 1611 tamdiu
1141 1592 1197 1612 rein
1221 1587 1368 1624 possidet,
1401 1592 1538 1626 quamdiu
1560 1601 1603 1621 res
1625 1602 1726 1623 conce·

225 1613 318 1644 dentis
340 1618 489 1647 voluntate
507 1619 530 1647 ei
554 1629 612 1650 non
632 1623 777 1654 auferatur
796 1627 857 1663 (46
865 1632 890 1666 ).

260 1665 336 1695 Cum
358 1668 492 1704 Pupillus
515 1680 558 1700 res
576 1681 642 1703 suas
656 1675 782 1706 ‘alienare
801 1687 835 1707 ne

838 1687 941 1716 queat,
971 1682 1027 1713 nisi
1053 1692 1169 1715 auctore
1193 1687 1323 1726 Tutore,
1353 1693 1505 1729 sequitur,
1533 1696 1641 1723 nullam
1663 1703 1725 1724 esse

221 1714 400 1754 Emtionem‚

423 1721 472 1749 ubi
495 1722 600 1753 Emtor
623 1727 741 1761 probare
766 1738 904 1767 nequeat,
926 1741 956 1761 se
980 1742 1012 1763 co
1032 1744 1149 1766 auctore
1171 1740 1286 1769 emisse.
1332 1742 1400 1770 Non
1425 1743 1498 1771 enim
1520 1744 1604 1773 tacite
1625 1746 1724 1775 subin-

222 1767 362 1804 telligitur
373 1790 383 1803 ,
394 1769 515 1800 Tutoris
531 1777 725 1806 auctoritattm
745 1781 773 1809 in
791 1781 846 1811 hoc
861 1783 1022 1814 Contractu
1039 1778 1236 1820 intervenisse.
1278 1791 1381 1828 Neque
1394 1794 1450 1823 hoc
1467 1796 1589 1832 sufficit,
1612 1797 1723 1828 Tutore

215 1825 335 1849 auctore
352 1827 524 1852 contractam
541 1825 633 1855 fuisse
651 1827 833 1869 Emtionem,
859 1836 909 1864 sed
930 1843 956 1864 et
977 1837 1094 1875 insuper
1112 1840 1184 1870 illud
1207 1844 1380 1880 requiritur,
1410 1852 1442 1874 ut
1465 1854 1610 1877 contracta
1636 1849 1723 1879 fuerit

1657 1903 1721 1930 nul-

245 1945 311 1974 (45)
327 1949 362 1971 ef.
379 1950 447 1976 casae.
463 1954 486 1973 fn
500 1955 568 1978 ,κασίη
583 1957 612 1977 al
629 1958 650 1980 Ιι.
667 1960 691 1981 Τ.

242 1986 307 2015 (4⁶)
322 1989 356 2011 cf.
373 1990 424 2018 yar.
441 1994 574 2022 eurupam
592 1999 620 2020 ..ι
639 1998 665 2022 ι.
681 2006 717 2027 η.
729 2001 758 2029 ff·
773 2004 802 2026 κ.
816 2005 846 2033 J.
882 2007 950 2032 Nam
964 2009 992 2032 u
1009 2012 1030 2034 h.
1047 2014 1071 2034 T.
1085 1999 1126 2040 νζ

1033 2052 1098 2082 Ea
