1940 2474
246 172 292 214 36
510 172 668 207 JANI
734 168 1098 204 TnEoDoRI
1164 151 1498 207 B‘ERGM'AK

493 495 959 536 EPOCHA
1075 496 1539 538 TERTIA.

549 641 569 659 A
602 638 812 659 omnnem:
846 639 979 667 usqum
1015 640 1067 661 AD
1096 639 1255 660 OBITUM
1290 641 1507 669 Avensa-1„

579 695 625 724 Ab
645 695 685 723 A.
701 695 739 723 U.
756 696 935 732 647—767‚
957 703 1024 725 ante
1045 697 1089 725 N.
1105 697 1145 742 A,-
1161 697 1215 728 106
1239 712 1273 720 -
1295 697 1340 726 N.
1355 698 1395 726 A.
1414 707 1459 734 14.

253 806 397 874 Tanta
420 840 539 869 fuerunt
559 840 614 868 hoc
636 846 762 876 tempore
781 841 978 871 doctrinarum
1003 843 1098 872 omnis
1123 843 1234 879 generis
1261 843 1452 879 incrementa,
1483 849 1593 872 tantum
1622 850 1704 873 aucta
1728 847 1772 873 est

254 898 285 920 et
309 891 452 920 Sermonis
479 891 616 928 elegantia
647 897 673 919 et
696 891 824 927 puritas,
853 899 886 921 ut
911 894 979 921 haec
1005 895 1118 922 demum
1152 894 1274 929 Epocha
1296 902 1379 922 aurea
1409 894 1572 923 Literarum
1604 895 1775 924 Latinarum

253 949 329 972 aetas
349 943 406 971 dici
428 949 576 971 mereatur.
617 942 723 978 Neque
741 949 835 972 tamen
854 944 949 972 eadem
968 943 1026 973 fuit
1042 953 1094 981 per
1114 950 1213 973 totum.
1225 945 1281 973 hoc
1303 945 1441 980 temporis
1463 945 1588 981 spatium
1611 945 1776 974 Literarum

251 994 401 1030 conditio,
424 995 473 1023 sed
492 994 546 1022 alia
572 993 626 1022 sub
652 993 810 1030 Cicerone,
832 993 994 1031 Republica
1016 996 1122 1028 libera,
1150 996 1200 1021 alia
1223 995 1276 1020 sub
1300 996 1437 1028 Augusto
1463 1005 1556 1025 rerum
1578 997 1776 1026 Romanarum

253 1044 389 1074 domino:
412 1053 484 1081 quae
502 1046 618 1081 quidem
641 1045 800 1075 differentia
822 1055 887 1074 cum
908 1055 968 1075 non
991 1052 1069 1074 tanta
1093 1043 1200 1079 fuerit,
1231 1049 1262 1071 ut
1287 1052 1361 1079 quae
1389 1043 1543 1080 utriusque
1563 1050 1691 1082 tempore
1713 1046 1774 1074 fue-

253 1102 321 1124 runt
342 1096 474 1131 Litterae,
504 1097 608 1126 diversi
632 1097 742 1134 generis
765 1097 858 1126 fuisse
886 1097 1090 1126 existimandae
1109 1095 1187 1130 sint,
1209 1095 1259 1124 sed
1282 1095 1381 1131 potius
1401 1096 1489 1125 unius
1512 1096 1622 1133 generis
1644 1096 1774 1126 diversae

254 1143 380 1184 Speciem
397 1148 556 1177 *commode
586 1149 653 1177 haec
679 1148 801 1184 Epocha
821 1149 851 1177 in
877 1150 947 1178 duas
969 1155 1072 1177 aetates
1094 1146 1235 1183 distingui
1257 1153 1378 1183 posset,
1406 1147 1533 1176 alteram
1561 1148 1626 1176 inde
1654 1149 1690 1176 ab
1713 1148 1774 1184 ejus

256 1197 339 1223 initio
362 1199 405 1227 acl
424 1200 553 1237 Augusti
576 1206 725 1239 tempora,
746 1200 782 1229 A.
801 1200 840 1230 U.
865 1208 932 1236 724.
954 1206 1019 1228 ante
1038 1199 1079 1228 N.
1097 1199 1135 1228 A.
1155 1207 1211 1234 29,
1232 1198 1358 1227 alteram
1380 1198 1447 1226 inde
1470 1208 1556 1236 usque
1576 1199 1617 1228 ad
1639 1200 1774 1231 ultimum

250 1245 384 1283 Augusti
404 1256 521 1280 annum.
563 1251 609 1280 Ne
629 1259 723 1280 autem
751 1259 823 1286 quae
845 1258 913 1280 sunt
933 1251 1020 1280 unius
1044 1251 1155 1287 generis
1178 1249 1266 1277 nimis
1289 1249 1479 1285 divellantur,
1507 1256 1534 1278 et
1561 1258 1610 1287 ut,
1639 1259 1710 1287 quae
1735 1251 1784 1280 sit.

248 1297 286 1326 ΞΠ
305 1297 400 1326 eodem
424 1305 522 1334 genere
541 1301 697 1331 formai-um
721 1303 926 1338 discrepantia,
958 1303 1134 1330 luculentius
1160 1306 1308 1336 appareat,
1337 1309 1392 1329 nos
1410 1301 1444 1329 de
1468 1301 1580 1329 duabus
1605 1302 1649 1324 his
1675 1301 1773 1326 attati-

250 1347 312 1376 bus
340 1349 518 1386 conjunctim
548 1354 686 1386 agendum
708 1362 877 1389 censemus,
907 1360 1064 1389 postquam
1090 1358 1170 1381 autea
1199 1351 1330 1378 universe
1352 1346 1387 1373 de
1415 1345 1556 1376 Cicerone
1583 1352 1609 1376 et
1633 1346 1772 1386 Augusto

259 1400 399 1429 nonnulla
423 1400 639 1438 monuerimus,
663 1404 766 1431 additis
790 1405 938 1432 nonnullis
963 1405 996 1429 de
1019 1404 1077 1428 vita
1096 1398 1294 1427 Romanorum
1313 1396 1435 1427 literata,

1008 1481 1034 1510 Ι.

917 1567 964 1596 De
985 1565 1129 1597 Cicerone.

302 1645 347 1675 De
370 1648 512 1678 Ciceronis
540 1650 647 1680 meritis
676 1651 766 1680 multa
790 1650 882 1679 dicere
906 1659 965 1679 non
996 1657 1071 1687 opus
1099 1657 1160 1686 est,
1191 1657 1255 1679 cum
1278 1658 1361 1680 nemo
1388 1654 1476 1688 paulo
1504 1654 1654 1683 humanior
1675 1658 1723 1681 aut
1745 1658 1782 1678 ea<

267 1705 403 1734 agnoret,
426 1704 474 1726 aut
499 1699 532 1726 (ἴε
554 1702 587 1729 iis
613 1702 736 1730 dubitet.
785 1702 911 1731 Maxime
937 1709 1030 1730 autem
1058 1703 1087 1731 in
1119 1703 1310 1739 Eloquentiae
1331 1710 1358 1731 et
1386 1703 1590 1734 philosophiae
1617 1700 1697 1727 laude
1720 1708 1783 1728 cer·

266 1755 394 1784 numm,
425 1750 557 1784 quamvis
578 1752 659 1780 etiam
676 1753 754 1789 Juris
779 1754 876 1782 civilis
901 1753 1089 1788 intelligentia
1115 1755 1208 1782 clarus
1236 1751 1341 1787 suerit⁷
1371 1751 1453 1787 cujus
1481 1755 1590 1778 tantum
1619 1750 1781 1786 assumsit,

267 1806 406 1834 quantum
433 1801 503 1829 satis
521 1809 595 1830 esset
614 1804 740 1834 oratori:
757 1804 835 1841 Juris
860 1805 933 1833 enim
951 1814 1013 1833 eum
1032 1805 1242 1841 peritissimum
1266 1805 1380 1837 fuisse,
1401 1808 1428 1830 et
1442 1810 1474 1829 ex
1495 1801 1558 1830 aliis
1576 1801 1669 1838 ipsius
1688 1803 1778 1839 scrip-

267 1849 306 1878 tis
324 1857 351 1878 et
372 1859 404 1880 ex
427 1852 507 1881 libris
528 1854 562 1881 de
584 1853 715 1890 Legibus
738 1855 766 1884 in
788 1855 890 1891 primis
914 1857 1052 1893 cognosci
1077 1863 1188 1893 potest.
1240 1855 1294 1883 Sed
1316 1853 1490 1889 Eloquentia
1513 1861 1617 1882 tantam
1643 1854 1697 1882 sibi
1720 1854 1781 1882 lau-

267 1899 329 1927 dem
348 1904 542 1939 comparavit,
565 1912 596 1933 ut
615 1905 807 1943 Eloquentiae
822 1907 971 1935 Romanae
982 1915 1092 1945 parcns
1108 1908 1208 1936 merito
1223 1907 1342 1934 dicatur.
1385 1904 1521 1934 Omnium
1541 1905 1648 1941 optime
1666 1905 1699 1934 dc
1716 1905 1779 1942 ejus

267 1949 380 1978 dicendi
406 1948 540 1976 facum&
565 1956 702 1987 iudicium
734 1958 802 1982 tulit
823 1958 1063 1995 ,Quint-tiliatms‚
1094 1959 1143 1995 qui
1169 1958 1266 1986 Imm.
1291 1957 1344 1986 Or.
1364 1957 1409 1991 X,
1435 1966 1445 1984 1
1471 1957 1528 1992 ait,
1557 1966 1636 1991 cum,
1663 1965 1727 1985 cum
1750 1964 1781 1985 se

267 2006 363 2029 mmm
380 1999 415 2029 ad
437 1998 626 2031 imitationem
648 2006 823 2035 Graecorum
849 2008 1038 2048 contulisset,
1068 2011 1203 2046 effinxisse
1224 2011 1281 2039 vim
1304 2007 1520 2044 Demosthenis,
1546 2009 1655 2046 copiam
1678 2007 1779 2036 Plato-

1716 2065 1760 2085 ms
1768 2076 1781 2093 ,
