1940 2474
329 159 424 196 JANI
452 158 669 193 THEODORI
698 159 899 193 BERGMAN
928 159 1228 192 COMMENTATIO
1260 158 1491 192 LITERARIA.
1617 155 1661 190 13

451 250 520 278 Non
541 248 668 287 equidem
686 250 827 283 insector,
849 248 1004 277 delendave
1022 248 1157 276 carmina
1178 247 1248 278 Livi

451 301 522 329 Esse
537 309 619 335 reor,
640 301 755 328 memini
777 309 850 337 quae
867 299 1018 337 plagosum
1036 300 1109 327 mihi
1125 305 1220 336 parvo

451 352 595 380 Orbilium
616 351 748 379 dictare:
768 350 817 378 scd
835 350 986 378 emendata
1007 350 1121 384 videri,

445 403 633 441 Pulchraquc
651 408 678 429 et
699 403 808 430 exactis
831 403 979 430 minimum
1003 401 1145 430 distantia
1166 402 1279 437 miror,-

444 453 528 482 Inter
547 463 621 492 quac
639 453 754 482 verbum
776 455 891 481 emicuit
911 455 936 481 si
952 453 1036 489 forte
1057 451 1210 487 decorum,

446 505 479 533 Si
498 514 596 535 versus
615 503 706 542 paulo
726 505 891 532 concinnior
912 513 983 532 unus
1006 509 1032 531 et
1056 504 1152 539 alter,

445 555 556 592 Injuste
577 561 666 583 totum
690 553 771 582 ducit
790 554 942 592 venditque
958 555 1070 592 poe‘ma.

187 606 322 635 Ceterum
345 606 485 635 classicus
504 607 538 635 de
558 615 592 635 eo
610 606 693 634 locus
716 612 760 634 est
785 606 867 634 Livii
887 605 960 640 Vll,
983 615 1011 633 2.

187 657 244 686 Est
273 663 365 685 autem
390 657 507 694 dignum
533 665 598 686 sane
620 657 699 692 quod
724 656 980 691 animadvertatur,
1009 656 1126 684 Livium
1151 664 1210 684 non
1235 655 1326 683 civem
1355 654 1518 683 Romanum
1545 653 1656 689 fuisse,

148 709 198 736 sed
213 708 293 736 Livii
315 708 481 737 Salinatoris
506 708 630 744 primum
662 716 796 742 servum,
825 708 980 736 liberorum
997 708 1059 744 ejus
1083 713 1309 743 praeceptorem,
1331 711 1430 741 postea
1452 706 1489 734 ob
1511 704 1655 741 ingenium

146 766 175 788 et
195 759 353 788 doctrinam
379 760 413 787 ab
440 767 474 787 eo
503 760 728 794 manumissum,
767 768 825 794 quo
852 758 983 787 liberiore
1014 758 1110 787 animo
1137 758 1276 786 bonarum
1300 756 1442 784 literarum
1465 756 1569 784 studiis
1591 763 1660 791 ope-

146 818 205 838 ram
229 811 317 839 daret.
366 810 411 838 Ex
434 818 467 838 eo
496 810 569 838 enim
594 810 754 838 luculenter
775 816 908 845 apparet,
935 819 994 838 eam
1016 810 1108 839 fuisse
1132 809 1293 837 Literarum
1318 808 1395 843 apud
1418 807 1566 836 Romanos
1589 814 1660 835 con-

145 861 303 896 ditionem,
333 869 406 896 quae
429 869 576 889 servorum
601 870 702 898 operae
733 862 856 889 multum
882 862 1007 890 deberet.
1056 861 1160 897 Neque
1183 861 1239 889 hoc
1264 860 1294 888 iu
1317 859 1404 888 Livio
1428 865 1538 887 tantum
1562 859 1611 887 sed
1630 864 1658 887 et

145 911 177 942 in
198 913 260 941 aliis
287 912 438 948 apparuit,
469 920 592 947 quorum
614 913 672 941 duo
695 913 822 947 exempla
843 912 1030 948 potissimum
1052 913 1231 941 memoranda
1253 917 1340 947 sunt,
1367 911 1485 939 alterum
1509 909 1657 945 Terentii,

146 964 181 992 de
205 973 263 999 quo
288 970 388 999 postea
414 963 563 998 dicemus,
592 964 625 991 ab
653 963 720 992 hero
746 972 800 991 suo
819 963 955 992 Terentio
983 964 1104 992 Lucano
1128 965 1263 992 Senatore
1279 962 1445 991 liberalibus
1470 961 1575 990 studiis
1604 960 1656 989 im-

144 1015 227 1050 buti,
249 1015 349 1043 deinde
375 1015 561 1043 manumissi:
584 1015 703 1043 alterum
728 1015 863 1049 TironiS,
886 1023 945 1050 quo
970 1015 999 1044 in
1014 1015 1104 1044 literis
1120 1015 1249 1051 adjutore
1269 1022 1341 1042 usus
1364 1020 1407 1041 est
1424 1012 1547 1048 Cicero,
1571 1020 1651 1041 eum-

143 1076 202 1104 que
226 1068 356 1096 libertate
378 1068 508 1097 donavit.
555 1068 656 1103 Atque
681 1068 799 1096 omniuo
829 1076 930 1104 magna
951 1066 1068 1096 fuerunt
1093 1074 1241 1094 servorum
1266 1065 1296 1094 in
1320 1064 1451 1093 liberales
1473 1063 1655 1096 artesdisci-

141 1119 297 1156 plinasque
324 1119 433 1148 merita.
482 1119 730 1157 Quemadmodum
759 1120 832 1148 enim
869 1119 973 1147 Livius
1001 1118 1102 1146 merito
1129 1117 1251 1146 Po‘eseos
1281 1115 1427 1145 Romanae
1447 1121 1549 1144 auctor
1568 1115 1654 1144 habe-

133 1173 210 1207 Qut,
240 1171 348 1207 aliique
374 1171 440 1199 item
470 1171 565 1199 liberti
593 1171 772 1208 eam‘magis
796 1171 878 1199 etiam
910 1169 1129 1206 expoliverunt,
1160 1168 1251 1196 veluti
1280 1167 1447 1202 Caecilius,
1477 1166 1651 1202 Terentius,

139 1222 219 1257 alii,
239 1222 279 1251 sic
300 1218 383 1251 e'tiam
409 1231 473 1251 cum
498 1223 561 1251 aliis
591 1223 750 1251 Literarum
775 1221 926 1259 generibus
951 1229 996 1250 res
1020 1226 1181 1256 comparata
1204 1219 1275 1248 fuit:
1305 1218 1513 1247 Grammatices
1536 1217 1650 1253 quidem

130 1280 168 1302 iet
190 1271 361 1303 Rhetoriees
384 1274 465 1303 initia
487 1283 518 1303 ac
542 1282 715 1310 progressus
745 1273 835 1302 servis
858 1271 1043 1301 manumissis
1067 1271 1181 1306 deberi,
1212 1277 1240 1299 et
1264 1270 1398 1305 aliunde,
1427 1276 1456 1298 et
1479 1277 1495 1298 e
1518 1269 1651 1297 Suetonii

132 1324 266 1360 menis,
292 1320 494 1360 'satis-liquet:
517 1334 604 1361 porro
630 1325 796 1361 saepissime
812 1323 936 1359 accidit,
961 1329 995 1351 ut
1024 1322 1098 1351 servi
1123 1322 1199 1351 heris
1221 1322 1282 1351 suis
1314 1322 1344 1351 in
1377 1320 1481 1350 studiis
1511 1319 1652 1349 auxilium

136 1382 330 1413 praestarent,
352 1376 413 1404 sive
435 1376 605 1412 scribendo,
635 1376 696 1404 sive
715 1375 852 1413 legendo,
873 1374 935 1403 sive
953 1374 1148 1410 excerpendo,
1177 1373 1239 1402 sive
1259 1373 1313 1402 alia
1328 1380 1509 1408 quacunque
1533 1371 1649 1401 ratione.

135 1427 241 1463 Neque
263 1428 319 1455 hoc
347 1427 449 1455 mirum
471 1427 688 1461 videri-debet,
714 1434 771 1455 tam
796 1425 928 1454 excultos
954 1432 1040 1460 atque
1063 1425 1208 1460 expolitos
1239 1423 1331 1452 fuisse
1364 1423 1562 1451 Romanorum
1592 1430 1652 1450 ser-

135 1486 211 1514 vos,
234 1477 395 1513 siquidem,
420 1477 695 1513 maximam‘partem
709 1486 724 1505 e
739 1477 859 1505 Graecia
874 1476 1002 1504 omnium
1021 1475 1217 1504 doctrinarum
1244 1480 1332 1502 matre
1348 1473 1489 1508 advenae,
1515 1481 1580 1500 suas
1605 1480 1650 1500 se-

136 1538 202 1558 cum
224 1535 297 1557 artes
318 1528 472 1564 literasque
495 1529 667 1557 attulerunt:
698 1528 771 1557 alios
796 1527 936 1563 ipsi.heri
959 1527 1129 1555 erudiendos
1154 1532 1308 1554 curarunt:
1341 1531 1402 1552 tum
1428 1523 1551 1558 denique
1575 1523 1649 1552 illud

134 1581 305 1615 tenendum,
331 1580 479 1608 Romanos
507 1580 646 1616 Reipubl.
662 1580 740 1608 curis
765 1579 884 1607 maxime
902 1578 1099 1607 incumbentes
1130 1578 1233 1605 multas
1262 1577 1405 1604 literarum
1433 1580 1528 1610 partes
1558 1574 1652 1603 servis

130 1626 269 1659 ‘colendas
293 1631 512 1666 tractandasque
536 1630 698 1665 reliquisse.
747 1630 854 1657 Verum
885 1629 952 1657 haec
975 1629 1068 1658 obiter
1095 1635 1206 1657 tantum
1234 1626 1382 1657 notavisse
1404 1625 1539 1654 sufficiat:
1565 1626 1649 1661 plura

132 1688 268 1718 petantur
284 1681 318 1710 ab
342 1681 397 1717 iis,
420 1682 470 1716 qui
492 1682 526 1710 de
553 1681 649 1710 Servis
670 1681 867 1710 Romanorum
888 1689 1046 1717 eorumque
1067 1680 1203 1716 operibus
1234 1678 1326 1707 dedita
1347 1686 1433 1714 opera
1457 1677 1645 1713 scripserunt.

133 1733 199 1762 Nos
223 1734 258 1761 ad
277 1733 377 1769 poi-‘tas
393 1732 555 1761 redeamus.

135 1800 139 1802 ν
170 1784 288 1813 Livium
306 1784 395 1820 igitur
409 1784 509 1820 paucis
525 1792 593 1821 post
609 1786 711 1820 aunis,
740 1785 777 1814 A.
789 1784 829 1814 U.
849 1792 904 1821 520
923 1791 987 1814 ante
1002 1784 1043 1813 N.
1061 1785 1100 1813 A.
1120 1792 1194 1820 233,
1216 1789 1334 1812 secutus
1357 1788 1400 1810 est
1425 1783 1574 1816 Naevius,
1596 1780 1648 1816 qui

133 1837 163 1865 in
185 1842 309 1872 quatuor
324 1836 445 1871 poeseos
471 1835 620 1872 generibus
644 1845 757 1872 operam
779 1845 861 1865 suam
880 1836 999 1873 posuit,
1020 1835 1196 1872 Tragoedia,
1219 1834 1398 1869 Comoedia,
1420 1833 1510 1862 Satira
1527 1839 1554 1861 et
1576 1833 1646 1861 Cal·-

132 1887 209 1915 mine
235 1886 405 1921 Historieo‚
431 1886 550 1915 Livium
573 1887 687 1922 saepius
709 1887 856 1923 imitatus,
888 1894 920 1915 ut
942 1896 977 1916 ex
1003 1887 1154 1921 utriusque
1185 1885 1353 1922 fragmentis
1383 1890 1509 1920 apparet.
1557 1883 1647 1920 Quod

130 1937 232 1966 attinet
252 1938 286 1966 ad
309 1938 530 1967 maledicentiam
560 1945 588 1966 et
612 1938 731 1974 probra,
757 1939 865 1974 quibus
886 1938 1084 1967 Romanorum
1110 1937 1254 1974 principes
1279 1936 1357 1964 viros
1382 1935 1501 1972 petiisse
1521 1934 1645 1969 dicitur;

127 1988 158 2018 id
180 1989 215 2018 ad
235 1988 341 2018 Satiras
362 1995 390 2018 et
410 1988 550 2026 imprimis
566 1990 601 2019 ad
621 1990 793 2019 Comoedias
812 1991 872 2028 ejus
895 1989 1074 2019 referendum
1097 1995 1160 2024 est,
1182 1996 1213 2017 ut
1236 1994 1315 2026 patet
1339 1995 1373 2016 ex
1396 1985 1547 2016 Ciceronis
1570 1983 1644 2013 locis

958 2040 981 2068 Β
1003 2048 1021 2077 3
1614 2034 1650 2064 de
