1940 2474
532 175 1062 208 GOMMENTATIO
1124 178 1471 212 JURIDICA.
1693 180 1738 215 23

230 263 468 303 stipulationibus
494 271 554 292 nno
579 270 689 292 tantum
713 269 840 299 tempore
860 264 1016 292 necessaria
1040 270 1102 299 est,
1125 265 1192 300 quia
1215 266 1294 294 nulla
1314 273 1357 294 est
1374 267 1412 294 rei
1430 267 1535 295 alienae
1549 266 1647 296 Emtio
1660 268 1736 298 Ven—

230 317 320 352 ditio‚
342 316 367 345 si
387 315 504 344 scientia
526 315 611 343 adsit.
652 314 797 350 stipulare
818 321 911 342 autem
934 324 977 343 res
1008 316 1112 343 alienas
1134 315 1216 344 etiam
1235 316 1357 346 scientes
1379 317 1540 353 possimus.
1571 318 1610 346 L.
1636 327 1686 355 15.
1703 321 1732 355 §-

230 368 285 397 ult.
302 364 338 404 ff.
360 367 394 396 de
415 367 522 404 Usmp.
546 372 573 394 et
593 366 680 394 Usuc.
722 366 776 394 Sed
797 373 912 402 quaeret
937 366 1023 401 quiS,
1046 375 1133 402 quare
1151 375 1207 395 rem
1230 367 1347 396 alienam
1373 368 1493 396 scienter
1510 369 1648 405 alienare,
1671 379 1731 399 non

228 426 322 448 autem
346 418 463 447 vendere
485 417 590 446 liceat?
617 417 810 454 Respondm,
833 417 901 452 quia
919 418 949 446 in
971 417 1107 447 Emtione
1130 418 1303 448 Venditione
1326 418 1458 447 venditor
1479 419 1551 448 nihil
1568 420 1655 456 ssaliud
1678 422 1735 451 nisi

225 479 344 501 vacuam
366 468 579 507 passessionem
603 468 756 497 transferre
779 477 896 497 necesse
917 469 1012 497 habet.
1062 469 1092 497 Si
1117 478 1194 498 nunc
1209 469 1312 499 xsciens
1337 478 1380 497 res
1404 470 1508 498 alienas
1527 472 1644 500 vendere
1666 481 1736 508 pos-

225 529 286 557 set,
308 521 391 549 facile
414 521 449 548 ad
473 520 696 556 delinquendum
722 518 907 555 invitaretur,
937 528 1003 548 cum
1024 527 1134 556 praeter
1158 520 1352 550 Traditionem
1375 520 1432 556 rei⁷
1460 522 1495 550 ad
1521 531 1600 551 suam
1624 523 1734 560 obliga·

225 574 333 602 tionem
355 571 544 608 implendum,
566 571 638 599 nihil
654 571 779 607 amplius
800 571 990 600 necessarium
1015 579 1076 600 esse
1097 577 1220 608 putaret.
1270 571 1325 600 Sed
1345 571 1375 599 in
1402 572 1660 610 stipulationibus,
1682 574 1736 603 ubi.

229 624 391 661 promissor
413 630 525 652 tenetur
547 623 716 652 Dominium
734 622 902 659 transferre,
923 631 983 652 non
1005 623 1141 652 subsistit
1153 623 1246 651 eadem
1263 624 1354 658 ratio,
1375 632 1440 652 cum
1469 625 1540 654 sciat
1554 626 1734 662 promissor,

227 684 261 704 se
284 674 456 712 obligationi
476 683 536 703 non
558 674 738 710 satisfacere,
759 675 818 703 nisi
841 674 873 703 in
892 674 1090 710 stipulatorem
1114 675 1274 702 dominium
1294 674 1445 704 transferre
1466 682 1561 711 queat.

265 727 437 762 Caeterum,
461 726 512 762 qui
533 725 699 754 Publiciana
722 725 765 754 uti
786 726 850 753 vult
870 733 904 754 ex
926 734 1013 754 causa
1041 725 1209 760 Emtionis,
1238 725 1319 753 debet
1340 725 1508 754 Traditione
1531 735 1587 755 rem
1613 727 1738 762 acquisi-

225 779 324 814 visse;
347 777 411 807 nam
432 778 476 805 uti
498 777 544 805 hic
569 783 735 806 contractus
756 776 942 812 imperfectus
964 776 1070 804 dicitur
1085 797 1095 811 ‚
1121 776 1179 804 nisi
1203 782 1313 812 praeter
1343 785 1462 805 mercem
1487 786 1530 805 res
1554 778 1653 807 tradita
1673 777 1736 808 fue-

221 828 285 863 rit,
314 829 356 857 sic
377 829 462 858 etiam
485 836 546 856 non
566 829 640 856 valet
660 828 695 856 ad
718 827 954 863 Usucapionem‚
981 827 1037 856 nisi
1061 827 1192 856 Traditio
1214 828 1416 864 praecesserit,
1448 829 1550 857 etenim
1572 829 1603 858 in
1625 829 1733 858 Edicto

225 877 406 907 Traditionis
426 878 599 907 mentionem
624 878 728 906 fecerat
750 879 876 907 Praetor.
916 878 960 906 De
980 886 1032 913 eo,
1055 879 1134 914 quod
1151 878 1233 907 etiam
1252 879 1287 907 ad
1306 879 1452 908 Emtionis
1467 879 1672 916 perfectionem
1684 884 1734 910 ne*-

222 930 380 964 c'essarium
401 935 462 964 est,
491 929 604 958 scilicet
622 930 657 957 de
676 929 768 965 pretio
791 930 909 965 soluto,
936 938 995 958 non
1019 929 1152 966 loquitur
1171 930 1305 966 Praetor3
1337 930 1424 966 igitur
1453 930 1518 959 inde
1541 932 1734 969 conjecturam

221 980 303 1016 capit
314 980 410 1017 JCtus
434 979 538 1016 Casus,
563 989 626 1009 eum
650 978 723 1009 illud
745 989 805 1009 non
821 981 1017 1016 requisivisse.
1059 981 1118 1009 Ubi
1140 982 1215 1010 enim
1237 982 1299 1010 Lex
1321 990 1381 1010 non
1405 982 1575 1019 distinguit,
1604 991 1656 1011 nec
1679 991 1733 1012 nos

220 1030 444 1068 distinguimus.
486 1032 526 1060 Et
544 1038 619 1061 recte
640 1032 757 1061 Praetor
774 1033 808 1061 de
828 1032 920 1068 pretio
938 1033 1039 1061 tacuit.
1078 1033 1203 1061 Pretium
1232 1033 1306 1062 enim
1332 1033 1488 1069 requiritur
1506 1034 1541 1062 ad
1565 1033 1735 1063 transferen-

219 1083 294 1112 dum
315 1083 504 1120 Dominium,
533 1092 598 1112 cum
627 1091 722 1113 autem
749 1084 779 1113 in
800 1083 966 1112 Publiciana
987 1084 1067 1112 nulla
1091 1084 1255 1114 Translatio
1276 1084 1406 1114 Dominii
1427 1085 1523 1114 locum
1546 1084 1667 1121 liabeat,
1689 1085 1730 1116 in,-

217 1133 305 1162 utilis
327 1134 403 1163 foret
423 1135 531 1164 mentio
551 1135 648 1164 Pretii.
697 1135 837 1164 Praeterea
865 1135 984 1164 Domini
1013 1135 1086 1164 nihil
1111 1135 1248 1172 interest,
1278 1144 1374 1165 utrum
1401 1137 1538 1165 solutum·
1562 1135 1648 1165 fuerit
1670 1144 1732 1174 pre,-

215 1184 314 1220 ·tium‚
335 1193 386 1215 nec
410 1194 456 1218 ne.
497 1186 567 1216 Non
589 1187 665 1216 enim
690 1187 827 1216 adversus
849 1195 934 1222 eum,
956 1187 1007 1215 sed
1023 1187 1160 1216 adversus
1183 1187 1271 1216 alium
1289 1195 1487 1224 possessorem
1508 1186 1613 1225 agitur.

690 1302 692 1304 v
732 1288 786 1317 Ad
802 1288 841 1317 L.
863 1298 893 1325 9.
916 1289 944 1325 S.
970 1298 997 1317 1.
1020 1295 1048 1316 et
1067 1295 1223 1327 sequentes.

1717 1354 1725 1372 r

216 1398 226 1405 ⁶
261 1387 339 1416 Cum
359 1387 449 1416 Heres
469 1387 563 1416 eadem
579 1386 705 1418 Persona
728 1390 949 1424 intelligatur-ac
963 1387 1138 1422 defunctus,
1160 1388 1310 1423 sequitur,
1330 1389 1496 1417 Emtionem
1518 1388 1628 1425 valere,
1649 1390 1700 1418 ubi
1714 1397 1730 1423 a

216 1442 304 1474 -parte
323 1433 452 1463 defuncti
473 1433 549 1461 bona
572 1433 640 1462 fides
664 1440 792 1470 tempore
820 1441 986 1464 contractus
1008 1436 1155 1472 adfuerit,
1185 1437 1250 1466 licet
1274 1438 1331 1474 ipsi
1356 1447 1399 1467 res
1430 1439 1529 1468 tradita
1549 1448 1608 1468 non
1626 1439 1730 1475 fuerit,

215 1486 379 1517 dummodo
408 1484 522 1519 Heres,
552 1483 601 1512 cui
632 1484 768 1521 deinceps
791 1486 931 1521 traditur,
960 1487 989 1515 in
1020 1487 1049 1515 b.
1074 1486 1097 1516 f.
1129 1494 1257 1524 tempore
1288 1490 1450 1519 traditionis
1483 1498 1635 1525 versetur,
1664 1490 1730 1527 cui,

216 1540 246 1568 si
268 1547 308 1566 m.
326 1537 349 1565 f.
371 1545 428 1564 rem
448 1535 603 1571 acceperit,
624 1543 684 1565 nou
707 1537 825 1572 prodest
845 1537 975 1566 defuncti
998 1538 1030 1566 b.
1052 1538 1074 1566 f.
1098 1540 1233 1574 quoniam
1251 1540 1281 1568 b.
1304 1540 1328 1568 f.
1352 1542 1508 1577 requiritur
1528 1542 1642 1572 duobus
1661 1549 1733 1571 tem-

221 1590 362 1627 poribus,
391 1587 590 1623 Traditionis,
616 1593 644 1615 et
665 1587 862 1624 Contractus;
890 1597 940 1617 nee
968 1589 1032 1617 vice
1060 1597 1140 1618 versa
1161 1591 1185 1619 ei
1205 1592 1324 1627 prodest
1345 1592 1408 1629 ipsa
1432 1601 1484 1621 sua
1506 1593 1535 1621 b.
1558 1593 1581 1622 f.
1605 1600 1732 1631 tempore

219 1640 402 1675 traditionis,
424 1639 448 1667 si
468 1645 596 1675 tempore
610 1645 776 1668 contractus
795 1647 836 1668 m.
862 1637 885 1667 f.
908 1639 995 1668 fuerit
1014 1639 1190 1677 defunctus,
1221 1643 1278 1671 nisi
1300 1643 1337 1671 sit
1362 1652 1405 1672 res
1432 1644 1614 1680 hereditaria,
1647 1653 1731 1680 quam

218 1692 542 1726 defunctusnunquam
564 1689 710 1726 possedit:
733 1690 807 1720 hanc
832 1699 890 1720 non
908 1700 962 1728 pro
985 1691 1124 1728 Emtore,
1145 1694 1195 1722 sed
1213 1703 1267 1729 pro
1288 1693 1417 1730 Herede,
1445 1703 1601 1728 usucapere
1620 1700 1730 1730 potest.

218 1743 296 1772 Haec
318 1742 412 1771 omnia
430 1742 514 1769 docet
534 1750 595 1778 arg.
618 1741 657 1770 L.
679 1751 709 1779 9.
733 1742 791 1779 (26
801 1744 826 1780 ).
1720 1776 1721 1781 ¹

219 1806 221 1809 ·
259 1793 310 1822 Ait
320 1792 413 1829 JCtus
433 1791 462 1820 in
479 1793 608 1827 sequenti
628 1794 656 1828 ἕ.
673 1793 868 1823 Publicianam
886 1801 1065 1831 competere,
1088 1793 1199 1823 etiamsi
1222 1794 1322 1822 fictitia
1348 1794 1463 1823 traditio
1483 1793 1679 1831 intervenerit,
1700 1795 1729 1824 id

221 1851 285 1879 est,
308 1844 331 1872 si
345 1843 419 1878 tibi,
439 1851 501 1875 rems
519 1843 633 1872 habenti
657 1852 689 1872 ex
712 1853 797 1874 causa
817 1846 961 1882 depositi,
982 1847 1026 1875 vel
1048 1845 1236 1880 commodati,
1260 1847 1305 1873 vel
1320 1845 1469 1882 pignoris,
1492 1847 1537 1874 vel
1554 1854 1727 1883 quacunque

223 1895 292 1929 alia,
321 1894 414 1923 eadem
443 1899 487 1923 'res
516 1895 629 1924 vendita
657 1895 713 1931 sit,
733 1896 829 1933 tunc,
859 1904 892 1927 ut
917 1897 970 1926 tibi
996 1903 1140 1935 competat
1162 1896 1348 1934 Publiciana,
1380 1905 1438 1928 uon
1466 1906 1541 1934 opus
1564 1906 1644 1935 csse,
1671 1906 1728 1927 rem

1683 1949 1729 1978 de-

251 2019 314 2048 (26)
330 2019 382 2044 vid.
399 2021 470 2047 cujac.
484 2023 507 2043 in
520 2020 590 2045 Raeti.
607 2024 635 2045 ul
656 2024 676 2046 h.
694 2024 717 2046 T.
738 2024 763 2052 ff.
