1960 2500
365 197 407 231 36
602 196 639 230 'A-
705 197 740 228 L.
806 205 915 228 νΛΝ
981 206 1085 228 nnn
1150 196 1327 229 BOON
1391 197 1626 238 MESCH,

366 293 452 320 regno
475 283 639 319 explicanda
661 282 790 312 doctrina
810 283 914 313 versati
938 289 1025 319 sunt,
1049 283 1198 320 opiniones
1222 284 1284 312 sine
1309 283 1464 320 cupiditate
1486 284 1740 320 animadvertenti,
1762 284 1869 320 duplex

368 335 424 364 nisi
444 343 497 362 nos
520 334 614 362 omnia
635 333 754 369 fallant,
775 343 790 362 a
809 333 925 362 veritate
943 334 1078 363 aberratio
1101 334 1130 362 111
1155 335 1256 363 oculos
1279 334 1410 363 incurrit.

411 384 555 413 Nonnulli
573 385 665 420 enim,
687 393 745 414 non
765 384 834 413 satis
854 386 1048 420 attendentes,
1070 387 1146 414 viros
1167 391 1279 413 sanctos
1300 391 1428 423 actosque
1450 386 1566 424 Spiritu
1580 386 1684 414 Sancto
1700 395 1742 414 eos
1760 387 1872 423 fuisse,

372 444 495 473 quorum
519 435 652 464 vaticinia
674 436 702 464 in
726 435 847 472 Scriptis
870 436 907 463 V.
930 436 968 464 T.
991 437 1188 472 reperiuntur,
1212 445 1310 472 parum
1331 436 1508 471 honorifice,
1533 436 1590 465 imo
1613 436 1872 473 contumeliosius,

367 475 401 516 de
421 495 517 515 eorum
540 486 651 517 notitiis
674 487 708 515 ad
727 495 843 523 regnum
860 486 983 515 Messiae
1002 487 1199 523 spectantibus
1211 508 1220 522 ,
1243 494 1270 515 et
1288 488 1420 516 universa
1437 496 1530 515 rerum
1550 487 1712 516 divinarum
1732 488 1873 524 scientia,

366 538 533 566 sententiam
553 537 695 566 dixerunt.
736 538 795 566 Alii
821 545 936 572 contra,
970 547 1028 568 non
1053 539 1323 574 animadvertentes,
1345 540 1425 574 λόγον
1448 541 1610 575 προφητικὸν
1632 539 1724 567 fuisse
1740 540 1776 573 ὥς
1799 540 1873 577 λύχ-

367 601 406 620 νον
429 591 563 626 Φαίνοντα
584 592 611 619 ὲν
634 591 766 626 αὐχμηρῷ
786 590 881 625 τόπῳ,
909 589 956 622 ἕως
977 590 1008 619 οὗ
1032 591 1120 627 ἡμέραι
1143 591 1296 627 &muratam
1323 591 1368 619 ux>
1396 590 1536 627 φωσφόρος
1563 591 1716 627 dmm-elam,
1736 589 1871 619 vaticinia

364 641 399 668 de
421 640 504 668 rebus
524 641 559 668 ad
576 639 714 669 Mcssiam
738 640 949 677 pertinentibus
974 641 1014 669 sic
1044 640 1219 677 interpretati
1240 647 1326 675 sunt,
1358 649 1389 668 ac
1422 641 1447 669 si
1467 641 1624 677 Prophetae
1651 646 1719 677 post
1738 647 1873 670 eventum

364 692 477 719 demum
501 691 662 726 vixissent,
691 698 718 720 et
744 698 879 727 tanquam
902 692 936 720 ab
966 692 1031 727 ipso
1055 692 1125 729 Jesu
1148 693 1268 729 ejusque
1291 692 1446 728 Apostolis
1475 692 1588 727 edocti,
1618 693 1783 722 universum
1807 693 1876 730 doc-v

367 742 454 770 trinae
480 742 660 770 Christianae
681 749 897 778 argumentum,
919 749 946 770 et
968 750 1056 771 totam
1075 745 1135 779 ejus
1161 743 1330 778 historiam,
1352 743 1379 771 in
1399 749 1535 779 promptu
1559 743 1739 772 habuissent.

402 793 466 821 Nos
489 793 623 828 quidem,
645 793 675 821 iu
699 793 849 822 Zachariae
870 794 903 821 de
924 794 1031 823 Messia
1057 795 1215 823 doctrinam
1244 794 1432 830 inquisituri,
1459 802 1493 822 ne
1514 793 1543 821 in
1566 794 1643 822 hunc
1665 795 1711 823 vel
1732 794 1811 823 illum
1834 803 1878 824 er·

365 852 455 871 rorem
482 844 683 879 prolabamur,
707 853 817 872 summa
842 854 896 880 ope
920 845 1052 874 nitemur.
1102 846 1283 883 Quamquam
1308 854 1373 882 ergo
1395 851 1472 873 certo
1495 844 1668 880 statuimus,
1690 853 1755 874 eum
1777 845 1877 875 efflatu

366 895 542 922 concitatum
572 894 671 922 divino
700 896 734 923 de
760 895 869 923 Messia
897 896 1050 930 cecinisse,
1080 897 1127 924 vel
1156 896 1198 924 sic
1226 902 1317 924 tamen
1345 904 1403 924 non
1432 895 1664 924 committendum
1693 896 1875 933 judicamus,

365 950 398 972 ut
421 945 573 980 notiones,
597 953 667 980 quas
689 945 758 982 Jesn
777 945 932 981 ipsiusque
954 946 1109 982 Apostolis
1133 947 1290 981 debemus,
1312 947 1401 982 magis
1425 953 1555 982 apertas,
1578 947 1746 983 perspicuas
1763 954 1791 976 et
1807 948 1877 976 ube-

364 1004 428 1030 res,
450 1001 551 1023 tcmere
574 995 785 1024 confundamus
811 1005 875 1024 cnm
907 996 963 1031 iis,
988 1005 1060 1032 quae
1077 997 1231 1025 Zachar'ae
1250 997 1380 1033 propriae
1403 996 1539 1032 fuerunt,
1561 1005 1588 1025 et
1606 998 1725 1026 omnino
1746 1006 1807 1027 esse
1824 1008 1879 1035 po-

367 1052 494 1075 tuerunt.
536 1046 597 1074 Hac
622 1047 685 1082 via,
711 1054 739 1075 et
762 1053 900 1083 quantum
923 1048 971 1075 ille
992 1057 1041 1083 ea,
1065 1057 1120 1084 qua
1146 1048 1240 1084 vixit,
1266 1054 1354 1076 aetate
1374 1047 1407 1076 de
1428 1047 1536 1077 Messia
1560 1048 1681 1085 ejusque
1705 1056 1792 1086 regno
1816 1057 1899 1080 sen-t

369 1097 455 1133 serit,
478 1098 605 1133 detegere
622 1104 650 1126 et
674 1099 826 1134 prudenter
846 1100 1021 1127 constituere
1045 1099 1226 1128 conabimur.

404 1149 504 1184 Itaque
522 1148 652 1177 universe
671 1151 827 1178 notandum
849 1157 910 1185 est,
934 1151 1017 1179 talem
1039 1151 1093 1180 hoc
1118 1152 1225 1188 hymno
1251 1151 1388 1182 Messinm
1409 1153 1549 1189 describi,
1573 1153 1684 1190 qualem
1702 1160 1781 1183 vates
1805 1152 1879 1182 anti-

371 1199 420 1235 qui
444 1200 648 1235 praedixerant.
697 1201 783 1239 Qnod
812 1202 873 1230 luce
895 1202 999 1231 clarius
1025 1210 1139 1239 apparet
1164 1212 1197 1232 cx
1229 1212 1368 1233 commate
1386 1214 1441 1241 70,
1470 1205 1520 1233 ubi
1544 1206 1607 1242 ipse
1630 1206 1685 1235 hoc
1708 1205 1811 1233 diserte
1830 1204 1879 1232 de-

370 1251 477 1286 clarat,
506 1259 557 1279 nec
582 1259 640 1279 non
662 1259 695 1280 ex
721 1252 913 1289 imaginibus,
944 1262 1015 1289 quas
1040 1263 1054 1282 a
1076 1254 1224 1291 Prophetis
1252 1256 1338 1291 prisci
1363 1257 1423 1284 aevi
1447 1257 1586 1292 desumit,
1613 1257 1721 1293 quibus
1748 1256 1778 1285 in
1802 1262 1882 1284 more

370 1308 462 1337 esset,
484 1302 616 1330 notiones
642 1312 694 1339 pro
719 1312 817 1339 magna
835 1311 913 1340 parte
938 1305 1130 1339 universales,
1152 1314 1256 1342 casque
1281 1307 1376 1336 minus
1397 1307 1548 1336 distinctas
1575 1317 1605 1336 ac
1628 1307 1779 1342 definitas,
1801 1307 1880 1343 stylo

374 1351 489 1380 Poe-rico
514 1353 676 1389 exprimere.
726 1355 806 1392 Quae
833 1364 897 1383 cum
919 1356 956 1384 ita
982 1356 1058 1391 sint,
1085 1357 1169 1385 facile
1194 1357 1380 1394 intelligitur,
1412 1359 1575 1386 Zachariam
1600 1367 1658 1387 11011
1684 1357 1825 1394 perversis
1848 1356 1884 1384 il-

372 1401 431 1436 lis,
454 1401 561 1437 quibus
579 1405 640 1439 ejus
666 1412 754 1433 aetate
777 1407 907 1442 plerique
937 1407 1116 1436 indulserunt
1134 1408 1254 1444 Judaci,
1285 1409 1474 1445 opinionibus
1503 1410 1643 1437 imbutum
1669 1409 1781 1443 fuisse,
1804 1413 1882 1434 eum-

375 1461 449 1487 que,
478 1453 681 1488 Prophetarum
705 1465 800 1491 more,
831 1459 925 1493 plures
950 1465 1048 1486 natura
1071 1465 1098 1486 ct
1123 1465 1251 1494 tempore
1273 1460 1434 1496 disjunctos
1468 1466 1586 1487 eventus
1611 1459 1698 1484 simul
1726 1461 1754 1483 et
1774 1455 1884 1491 praevi-

372 1503 449 1531 disse
473 1510 499 1531 ct
525 1504 651 1533 oratione
676 1508 936 1543 comprehendisse.

411 1554 492 1590 Jam,
514 1563 578 1582 cum
605 1557 765 1585 verosimile
789 1559 844 1593 sit,
876 1559 995 1587 Mariam
1016 1560 1100 1597 legati
1123 1560 1213 1589 divim
1235 1561 1319 1590 verba
1343 1562 1377 1589 de
1401 1560 1464 1589 filio
1488 1558 1635 1588 nascituro
1659 1566 1724 1586 cum
1747 1558 1884 1587 Zacharia

376 1606 604 1634 comnulnicassc
619 1623 656 1627 —-
673 1608 749 1641 οὗτος
766 1610 824 1640 ἕςχι
844 1611 955 1646 μέγχς,
975 1612 1020 1640 καὶ
1041 1613 1096 1644 υἱὸς
1115 1613 1410 1648 ὑψίςιυζκληύήσεται,
1430 1611 1475 1640 καὶ
1488 1611 1565 1640 δώσει
1586 1611 1659 1645 αὐτῷ
1681 1610 1762 1645 κύριος
1783 1610 1794 1640 ὃ
1813 1610 1882 1642 Θεὸς

375 1659 418 1686 τὸν
436 1658 519 1692 θρόνον
540 1658 654 1692 Δαβὶδ,
675 1662 720 1688 τοῦ
743 1662 844 1695 πκτρὸς
866 1663 971 1695 αὐτοῦ,
993 1662 1038 1691 κα)
1061 1663 1220 1697 ssxmedm
1240 1664 1283 1692 ἐπὶ
1308 1665 1355 1692 τὸν
1376 1661 1443 1692 οἴκων
1465 1661 1567 1696 Ἰκκὼβ
1588 1661 1627 1692 εἷς
1648 1661 1708 1692 τοὺς
1724 1661 1824 1692 αἰῶνας
1843 1673 1882 1682 -

375 1715 553 1742 nequaquam
575 1708 731 1737 mirandum
755 1717 813 1745 cst,
844 1719 922 1745 eum,
954 1718 1107 1747 postquam
1134 1714 1161 1741 111
1195 1714 1289 1741 laudes
1311 1713 1422 1741 divinas
1450 1718 1552 1747 pectus
1577 1710 1729 1743 effuderat,
1756 1717 1823 1738 mox
1848 1710 1882 1737 il-

376 1757 581 1785 lustrissimum
603 1758 678 1787 hunc
696 1760 814 1789 Davidis
833 1761 942 1796 lilium,
963 1763 1074 1798 jamjam
1098 1764 1292 1798 nasciturum,
1315 1764 1442 1799 impense
1463 1761 1574 1790 laudare
1594 1770 1624 1790 ac
1642 1761 1794 1795 celebrare,
1820 1766 1881 1789 tan-

350 1843 352 1845 ,
377 1817 460 1843 quam
481 1810 559 1845 κέρκς
584 1812 731 1847 σωτηρίοις,
771 1812 868 1848 {egem
895 1813 1147 1849 potentissimum,
1184 1822 1209 1842 et
1238 1823 1303 1843 cum
1335 1813 1453 1842 maxime
1478 1812 1677 1848 salutiferum,
1707 1819 1733 1840 ct
1760 1810 1878 1840 0111111110

376 1861 456 1888 11111111
487 1867 513 1887 01
538 1866 665 1895 tantum,
689 1871 771 1896 quem
798 1865 872 1892 Deus
895 1864 929 1892 ab
955 1865 1167 1900 antiquissimis
1192 1865 1256 1894 inde
1278 1866 1455 1902 temporibus
1478 1864 1655 1900 promiserat.
1696 1863 1784 1891 Porro
1802 1861 1882 1890 Mes-

376 1914 433 1933 slut
453 1911 645 1946 exspectatio,
668 1914 720 1941 cisi
742 1915 942 1950 antiquissima
963 1917 1017 1952 jam
1042 1923 1129 1944 aetate
1150 1925 1164 1944 a
1188 1917 1250 1945 Deo
1274 1918 1358 1946 factis
1386 1915 1647 1954 promissionibus,
1679 1922 1749 1949 quas
1770 1913 1880 1942 Mosai-

377 1966 408 1984 ·ἱᾶ
431 1955 536 1991 scripta
555 1965 776 2000 Lwwrvarunt,
800 1973 916 2000 quoque
938 1967 1064 2003 nitatur,
1087 1968 1115 1996 in
1136 1967 1236 2004 primis
1261 1975 1352 1998 tamen
1374 1967 1536 2003 vaticiniis,
1568 1975 1637 2003 quae
1658 1974 1673 1993 a
1691 1963 1810 1995 Davidis
1837 1963 1878 1989 1⁴¹¹-
