1940 2474
255 157 299 201 μ’
601 155 990 190 ABRAHAMI
1041 154 1418 188 CAPADOCE

937 255 1080 284 AiiR.

297 348 478 376 Mutationes
502 350 529 373 et
552 346 703 382 sanguinis
725 350 751 372 et
772 345 850 372 airis
877 344 1097 382 atmosphaerici
1118 353 1138 372 a
1165 343 1355 381 respiratione
1378 351 1412 372 ex
1436 342 1570 372 Chemicd
1593 348 1764 373 tantummo-

255 399 291 427 do
324 399 435 426 actione
468 397 679 435 principiorum
719 397 787 423 lmec
817 402 940 433 corpora
970 395 1200 423 constituentium
1230 393 1357 430 intelllgi
1381 401 1459 431 posse
1493 395 1637 432 affirmant
1666 396 1761 424 multi.

256 450 337 486 (15)
358 448 504 478 Affinitate
519 447 591 475 enim
608 446 725 475 electiva
739 455 792 483 gaz
809 446 1018 482 hydrogenium
1038 452 1066 473 et
1088 446 1255 474 carbonium
1282 444 1429 481 sanguinis
1448 445 1549 474 venosi
1568 452 1675 481 partem
1694 455 1765 482 oxy-

256 500 330 537 genii
352 500 420 528 aeris
443 499 605 532 attrahunt,
628 504 656 526 et
677 497 803 526 formant
827 505 928 532 aquam
951 504 977 525 et
997 497 1110 525 acidum
1132 496 1337 530 cai-bonicum,
1362 496 1429 524 dum
1444 497 1530 524 altera
1547 505 1611 534 pars
1627 497 1766 534 jungatur

255 559 322 579 cum
345 550 438 578 massa
461 549 634 585 sanguinea,
656 548 741 584 eique
758 547 926 576 arteriosum
951 548 1075 576 colorem
1101 547 1247 576 conciliat.
1289 546 1348 575 Sub
1370 547 1426 575 hac
1442 547 1690 582 decompositione
1711 557 1764 585 gaz

257 601 391 638 exygenii
415 600 486 629 aeris
510 600 540 628 in
562 608 613 628 sua
635 599 797 635 principia,
827 607 892 634 pars
917 598 1050 633 calorici,
1079 599 1158 634 quod
1187 598 1307 627 liberum
1332 597 1442 633 evadit,
1472 598 1594 626 inservit
1613 598 1764 628 formando

254 661 320 682 cum
344 653 418 688 aqua
441 660 496 688 gaz>
518 658 662 686 aqueum,
685 658 736 678 seu
764 658 913 686 vaporem,
943 658 1008 678 cum
1028 650 1110 678 acido
1129 649 1283 678 carbonico
1304 656 1355 686 gaz
1376 649 1500 686 ejttsdem
1521 649 1666 685 nominis,
1694 657 1767 685 quae

254 711 324 732 tunc
347 712 397 739 per
422 702 640 738 exspirationem
666 701 830 731 redduntur.
876 700 992 736 Altera,
1020 709 1107 737 eaque
1134 700 1232 737 potior
1259 709 1324 736 pars
1357 700 1527 729 absorbetur
1549 701 1584 729 ab
1608 701 1674 737 ipso
1701 708 1766 729 san·

255 754 362 792 guine,
385 753 435 789 qui
456 761 532 781 nunc
557 752 663 780 relictis
685 760 737 788 gaz
762 751 939 787 hydrogenio
963 759 990 780 et
1014 751 1151 781 carbonio
1172 758 1199 779 et
1221 758 1350 780 assumto
1368 752 1510 788 oxygenio
1528 752 1660 788 majorem
1685 759 1768 788 capa-

254 805 369 834 citatem
401 803 556 839 acquisivit
586 811 638 838 pro
672 802 807 830 calorico.
856 802 955 837 Hinc,
988 811 1046 838 quo
1074 804 1207 840 majorem
1231 811 1283 839 per
1304 802 1521 834 circulationem
1543 802 1713 838 hydrogenii
1739 807 1768 830 et

256 855 384 884 carbonii
405 854 516 890 copiam
537 853 640 881 iterum
664 852 806 887 adsumit,
828 859 856 880 et
880 853 1052 888 oxygenium
1080 853 1217 888 dimittit‚
1244 853 1274 882 in
1295 854 1390 882 eadem
1411 862 1529 889 quoque
1551 853 1661 882 ratione
1684 861 1766 890 capa-

254 905 325 934 citas
346 914 399 941 pro
421 904 546 933 calorico
572 903 731 938 minuitur,
753 903 843 940 major
865 903 925 939 ejus
942 911 1008 939 pars
1023 903 1108 933 libera
1131 904 1244 939 evadit,
1269 910 1296 932 et
1313 903 1375 939 sic,
1406 904 1572 933 continuata
1589 904 1719 941 synthesi
1738 910 1766 933 et

254 956 365 993 analysi
388 955 599 992 principiorum
623 964 672 991 per
692 961 784 983 totum
812 962 919 990 corpus
941 961 1144 990 temperaturae
1167 961 1297 983 servatur
1320 954 1535 990 aequilibrium.

294 1006 370 1036 Haec
400 1015 489 1043 porro
520 1005 655 1035 Chemica
679 1005 755 1034 actio
784 1013 842 1034 non
874 1005 969 1034 solum
993 1006 1089 1034 locum
1117 1006 1249 1041 haberet,
1277 1005 1302 1034 si
1325 1007 1442 1043 sanguis
1470 1012 1498 1034 et
1521 1007 1576 1034 air
1597 1006 1627 1034 in
1649 1005 1771 1035 normali

257 1063 337 1087 statu
357 1063 557 1093 versarentur,
585 1058 634 1086 sed
656 1057 737 1085 etiam
761 1057 790 1085 in
811 1065 880 1085 casu
904 1056 1054 1093 opposito.
1103 1057 1141 1084 A.
1172 1057 1257 1094 (16)
1278 1057 1356 1084 Λένε
1373 1064 1468 1095 nempe
1481 1058 1603 1087 vitiato:
1623 1066 1654 1085 v.
1672 1065 1703 1094 g.
1723 1056 1773 1086 ab·

259 1109 385 1137 undante
408 1108 489 1137 acido
512 1108 666 1138 carbonico
688 1107 829 1136 difficilem
850 1108 917 1137 oriri
940 1107 1153 1144 respirationem
1175 1116 1210 1136 ex
1227 1116 1280 1143 eo,
1307 1108 1462 1144 affirmant,
1485 1109 1563 1143 quod
1578 1107 1695 1144 sanguis
1710 1115 1771 1137 non

261 1159 386 1188 debitam
409 1159 545 1196 oxygenii
568 1159 680 1195 copiam
699 1167 841 1188 assumere
862 1158 992 1188 valuerit.
1033 1159 1066 1187 B.
1081 1157 1172 1195 ’(17)
1192 1159 1339 1197 Sanguine
1356 1169 1369 1187 ε
1389 1161 1538 1188 contrario
1553 1160 1676 1189 vitiato:
1695 1167 1725 1187 v.
1740 1166 1770 1195 g.

259 1209 292 1238 in
316 1211 408 1239 stadio
431 1210 583 1247 phthiseos
610 1211 730 1246 florido,
759 1210 809 1239 ubi
833 1210 920 1239 nimis
938 1210 1080 1246 oxydatus
1100 1216 1162 1245 est,
1195 1211 1283 1239 acrem
1304 1211 1480 1246 conducere,
1505 1211 1555 1246 qui
1568 1211 1704 1247 majorem
1724 1217 1773 1238 co-

264 1261 341 1297 piam
357 1261 527 1298 hydrogenii
551 1262 689 1290 carbonio
711 1262 794 1298 nupti
812 1261 969 1290 contineat.
1018 1261 1084 1290 I-Ioc
1104 1261 1137 1290 de
1152 1260 1301 1291 affectibus
1323 1262 1392 1291 affl-is
1407 1261 1554 1298 inspiratie
1577 1270 1653 1290 nunc
1670 1262 1705 1290 de
1718 1260 1774 1296 iis,

263 1311 316 1346 qui
335 1311 369 1339 ab
391 1313 450 1340 aete
475 1312 592 1348 corpori
615 1312 761 1348 applicato
784 1313 935 1347 oriuntur,
956 1312 1109 1341 videndum
1133 1320 1188 1342 est.

290 1362 365 1390 ‘Ae-r
391 1362 479 1398 igitur
510 1362 595 1391 nimis
626 1362 738 1391 calidus
771 1363 904 1392 humores
935 1363 1078 1392 tenuiores
1109 1363 1249 1400 dissipat,
1285 1370 1312 1392 et
1337 1372 1352 1392 a
1378 1372 1499 1399 corpore
1524 1363 1666 1400 expellit;
1700 1362 1776 1391 unde

266 1412 482 1441 obstructiones
511 1413 602 1441 variae
630 1420 658 1441 et
688 1413 845 1450 rigiditatcs
881 1414 1091 1452 producuntur.
1148 1415 1227 1442 Λένε
1259 1423 1273 1442 e
1306 1415 1448 1442 contrario
1473 1414 1590 1451 frigido
1621 1413 1777 1449 impeditur

264 1463 468 1499 transpiratio‚
504 1463 569 1492 inde
600 1464 742 1493 colluvies
771 1464 900 1493 nascitur
926 1472 1039 1493 5910511.-
1081 1465 1143 1492 Aet·
1162 1465 1333 1494 humiditati
1355 1472 1473 1503 peccans
1496 1465 1608 1493 eosdem
1633 1464 1692 1492 fere
1717 1463 1776 1493 edit

265 1514 406 1550 effectus,
430 1521 457 1542 et
477 1515 571 1543 calore
590 1516 740 1544 accedente
758 1524 869 1544 summa
884 1514 976 1543 oritur
989 1515 1111 1550 laxitas,
1134 1522 1161 1544 et
1180 1517 1270 1553 major
1289 1516 1370 1545 nisus
1387 1515 1542 1552 organismi
1558 1515 1588 1543 in
1607 1515 1776 1544 dissolutio·

264 1574 340 1594 nem.
381 1566 444 1594 Λέν
459 1567 548 1594 siccus
568 1572 595 1593 ct
607 1566 740 1602 calidus⁷
763 1567 936 1595 attenuando
951 1566 1104 1602 humores,
1124 1567 1192 1595 dum
1211 1575 1225 1595 a
1239 1567 1368 1595 siccitate
1383 1566 1468 1595 fibrae
1484 1566 1589 1595 solidae
1607 1566 1776 1595 contrahan-

263 1622 330 1650 tur,
359 1616 529 1653 rigiditatem
554 1623 580 1644 et
611 1616 753 1645 diathesin
778 1617 1020 1646 inflammatoriam
1040 1617 1187 1654 producit.
1236 1617 1276 1645 Hi
1295 1625 1363 1654 ergo
1390 1617 1459 1645 aeris
1490 1616 1607 1645 effectus
1629 1625 1717 1652 aeque
1745 1615 1774 1644 in

266 1667 400 1704 organica
431 1669 530 1697 natura
551 1676 583 1696 ac
607 1668 636 1696 in
660 1668 774 1697 mortua·
794 1668 891 1697 locum
915 1669 1031 1698 habent.
1080 1669 1136 1699 Est
1161 1668 1237 1697 enim
1264 1667 1403 1698 Chemica
1430 1668 1493 1703 lex,
1517 1668 1613 1703 quod,
1636 1675 1695 1702 quo
1717 1674 1774 1695 ma-

1731 1718 1776 1754 Jo-

294 1792 359 1823 (15)
372 1795 485 1822 Fumeroy,
500 1797 554 1822 Syn.
569 1795 602 1816 du
615 1795 678 1817 Canu.
696 1795 760 1817 Chim.
775 1800 813 1817 etc.
836 1791 900 1818 Tom·
914 1796 941 1818 Χ.
967 1797 1026 1818 Sect.
1039 1798 1059 1819 Ι.
1080 1797 1134 1819 ord.
1149 1801 1174 1823 4.
1194 1799 1243 1820 Art.
1260 1803 1281 1819 α.

288 1835 357 1863 (16)
372 1837 464 1863 Loquor
474 1836 513 1858 hic
526 1837 554 1857 de
567 1837 619 1858 a'e're
632 1836 655 1858 in
671 1837 811 1864 uuiversum,
829 1836 903 1871 qualiq
911 1842 952 1858 nos
966 1838 1043 1859 ambit.
1057 1847 1085 1855 —
1100 1838 1162 1860 Licet
1175 1839 1234 1860 enim
1255 1839 1302 1865 ipsa
1317 1839 1491 1866 Atmosphaene
1511 1835 1603 1863 proprie
1622 1834 1694 1857 dictae
1714 1839 1774 1856 com-

262 1876 347 1904 ,esitio
362 1882 448 1904 semper
462 1883 484 1898 ez
498 1877 572 1898 ubivis
591 1884 603 1899 a
617 1877 729 1905 plerisque
745 1878 768 1899 in
781 1877 891 1900 chemicis
905 1878 1022 1905 plurimum
1039 1880 1130 1901 versatis
1143 1879 1201 1901 Viris
1216 1881 1292 1901 cadem
1312 1885 1398 1907 reperta
1411 1879 1452 1906 siz,
1467 1883 1540 1906 partes
1555 1882 1626 1900 tmen
1640 1874 1776 1899 uccessol'lu

263 1918 334 1940 dictu
353 1917 439 1944 saepius
455 1923 477 1939 et
496 1917 590 1940 diversis
602 1919 626 1940 in
638 1919 694 1941 locis
708 1918 788 1941 variari
802 1925 866 1946 posse
876 1935 884 1946 ‚
898 1925 980 1946 nemo,
995 1920 1018 1941 ni
1036 1921 1117 1948 sanor,
1132 1919 1213 1943 infitias
1227 1919 1277 1943 lbit.

292 1958 306 1985 (
317 1957 361 1986 ¹7)
378 1957 439 1981 curu.
453 1960 559 1987 spu-gel.
579 1961 596 1983 ἰ.
607 1961 621 1982 Ι.
644 1960 709 1983 Tom-
723 1960 742 1982 l.
763 1959 812 1982 Lib.
827 1965 846 1982 1.
870 1960 927 1988 Cap·
942 1966 965 1987 4.
985 1961 1006 1988 5.
1016 1964 1069 1988 214.
