1940 2474
513 158 1040 201 COMMENTATIO
1101 163 1450 217 JURIADI'CAJ
1716 170 1737 203 5

229 258 378 295 loquimur
394 256 428 285 de
448 255 477 284 b.
499 255 522 284 f.
546 256 693 292 Emmris,
715 256 786 284 mala
803 255 876 284 enim
894 257 962 285 fides
974 256 1140 285 Venditoris
1157 257 1270 286 Emtori
1289 266 1348 286 non
1369 264 1454 287 nocet
1474 258 1510 286 L.
1528 267 1555 294 7.
1578 259 1606 295 §.
1627 268 1672 288 11.
1690 260 1727 296 ff.

225 312 256 339 h.
275 310 307 339 T.
331 309 387 338 nisi
405 307 444 337 sit
460 316 503 336 res
522 307 654 343 mobilis,
676 316 748 343 quae
766 316 819 344 pro
838 308 945 336 furtiva
961 308 1097 343 babetur,
1120 308 1145 336 si
1163 317 1178 336 a
1199 317 1237 337 m.
1254 308 1277 337 f.
1299 318 1467 345 possessore
1482 309 1628 338 alienatur.
1651 312 1679 347 §.
1699 321 1727 348 3.

224 360 252 390 Ι.
273 362 307 390 cle
321 361 446 398 Urucap.
488 359 531 387 De
550 359 635 387 rebus
656 366 748 388 autem
771 359 904 388 furtivis:
927 368 986 388 non
1006 361 1089 388 datur
1108 359 1285 388 Publiciana.
1308 361 1346 389 L.
1364 371 1393 397 9.
1415 361 1444 396 §-
1462 369 1490 396 5.
1507 360 1544 398 ff.
1566 363 1595 390 h.
1617 362 1650 390 T.

261 413 307 442 De
329 410 508 450 Quaestione
525 417 618 438 autem
645 411 691 439 hic
717 418 813 446 mota,
843 419 967 446 quonam
997 411 1061 440 scil.
1090 418 1219 448 tempore
1243 412 1273 440 b.
1298 411 1322 440 f.
1351 413 1447 440 adesse
1468 412 1585 448 debeat,
1614 420 1646 442 ut
1668 414 1732 450 ipse

225 469 392 493 contractus
410 462 522 498 valeat,
541 463 597 500 jam
619 461 825 490 dissentiebant
843 469 951 491 veteres
961 462 1030 499 JCti
1047 461 1189 498 Romani,
1212 463 1365 492 Sabiniani
1383 470 1410 492 et
1428 463 1611 493 Proculiani.
1649 466 1732 504 Quo-

224 523 288 544 rum
310 514 341 543 hi
362 514 555 548 affirmabant,
581 513 610 541 in
631 512 766 541 Emtione
789 513 934 548 sufficere,
960 513 985 542 si
1005 514 1035 541 b.
1053 513 1076 541 f.
1106 515 1216 543 adesset
1238 521 1365 550 tempore
1385 521 1569 551 contractus,
1591 516 1620 545 in
1643 523 1732 546 caete-

224 567 264 596 ris
282 573 374 594 autem
399 565 598 594 contractibus
619 573 678 593 eam
702 571 829 600 tempore
848 564 1027 593 Traditionis
1048 565 1165 601 requiri.
1215 566 1369 594 Sabiniani
1394 574 1494 596 contra
1513 568 1671 603 putabant,
1698 568 1728 598 in

221 617 358 646 Emtione
380 623 504 652 utroque
526 616 687 652 Tempore,
709 622 736 644 et
755 616 782 644 T
784 615 953 651 raditionis,
975 622 1002 644 et
1019 616 1195 645 Contractus
1219 617 1249 645 b.
1268 616 1291 644 f.
1314 617 1410 646 adesse
1426 617 1540 654 debere,
1562 618 1591 647 in
1612 619 1730 655 reliquis

220 666 290 697 'vero
311 668 510 698 contractibus
531 667 658 696 sufficere
679 667 709 695 b.
723 667 748 695 f.
772 674 900 703 tempore
916 667 1105 696 Traditionis.
1147 668 1225 696 Haec
1250 668 1388 696 sententia
1409 677 1465 697 usu
1484 668 1541 697 fori
1565 670 1647 699 etiam
1663 679 1730 707 pro-

222 726 305 756 vata,
324 728 418 756 neque
441 720 475 748 de
492 728 522 747 ea
546 718 737 747 recentiorum
756 719 946 754 Interpretum
970 719 1028 747 ulla
1049 718 1203 747 dissensio.
1243 718 1313 746 Non
1334 726 1423 753 aeque
1446 725 1539 748 autem
1556 721 1733 751 conveniunt

221 769 252 798 in
270 779 303 799 eo
331 771 435 807 (quod
459 779 514 800 nos
544 770 769 806 contendimus)
796 775 925 804 tempore
956 769 1015 797 litis
1045 769 1247 797 contestandae
1275 775 1400 798 actorem
1429 769 1459 798 b.
1478 769 1501 799 f.
1530 780 1593 800 esse
1619 772 1729 802 debere.

218 820 331 849 Dicunt
353 821 427 849 enim
449 821 514 857 (3)
532 819 661 848 sufficere
683 818 713 847 in
737 819 893 855 Emtione,
917 820 973 856 (de
992 828 1048 855 qua
1072 820 1211 848 Praetoris
1236 820 1397 858 Edictum)
1417 821 1447 849 b.
1462 821 1485 850 f.
1507 829 1636 859 tempore
1652 824 1733 853 Con-

217 877 348 906 tractus,
370 877 398 899 et
418 870 604 906 Traditione3
627 879 667 898 m.
686 869 708 897 f.
731 870 978 906 supervenientem
1002 879 1061 899 non
1080 879 1200 906 nocere3
1222 877 1249 898 et
1272 871 1310 899 ita
1332 872 1446 907 quidem
1466 874 1595 902 sentiunt
1615 882 1734 912 propter

214 920 260 950 Ἰ..
279 930 306 957 7.
330 922 358 957 §.
380 930 414 950 12
436 927 463 949 et
482 930 527 957 14.
550 920 588 957 ff.
611 921 640 949 h.
659 920 692 949 T.
716 935 763 943 —
788 921 821 949 In
845 922 873 957 S.
894 930 927 950 12
947 922 1054 950 dicitur
1075 921 1147 950 nihil
1170 922 1402 951 nocere‘Heredi
1428 933 1478 953 sua
1503 934 1542 953 rn.
1566 925 1610 962 fi,
1641 927 1666 955 si
1687 928 1734 956 de-

214 971 342 1001 functus
367 972 397 1000 in
416 972 447 1000 b.
469 971 494 1002 f.
516 972 622 1008 fuerit,
645 980 697 1000 nec
720 971 776 1000 sibi
796 973 934 1008 prodesse
953 981 1005 1001 sua
1026 973 1056 1001 b.
1075 972 1116 1008 f..
1139 973 1164 1001 si
1188 973 1343 1002 defunctus
1366 974 1395 1003 in
1416 983 1454 1004 m.
1473 975 1496 1004 f.
1519 984 1650 1006 versatus
1673 978 1733 1008 fue-

213 1023 265 1053 rit.
306 1017 373 1052 Hoc
394 1031 493 1053 verum
518 1025 674 1053 secundum
697 1025 809 1061 regulas
831 1024 1045 1061 Usueafflonis,
1074 1024 1126 1052 ubi
1152 1031 1261 1053 tantum
1292 1025 1401 1054 bonum
1428 1026 1540 1056 initium
1566 1035 1732 1066 spectatur,

215 1082 270 1103 nec
291 1083 330 1104 m.
349 1075 372 1104 f.
395 1076 602 1113 superveniens
623 1081 718 1107 nocet.
776 1076 831 1105 Sed
855 1077 932 1105 hunc
957 1077 987 1112 §.
1009 1076 1051 1104 uti
1073 1084 1100 1105 et
1124 1085 1157 1112 14
1183 1077 1383 1106 dissentientes
1408 1078 1573 1116 intelligunt
1593 1080 1627 1109 de
1654 1080 1733 1110 bona

215 1125 290 1162 fide,
311 1127 341 1156 id
361 1134 405 1157 est
425 1127 588 1164 ignorantia
609 1128 649 1157 rei
671 1128 794 1165 alienae3
825 1134 853 1157 at
873 1136 1039 1166 perperam:
1070 1128 1175 1166 Agitur
1197 1129 1270 1157 enim
1296 1129 1336 1173 ibi
1357 1130 1391 1158 de
1411 1129 1440 1158 b.
1459 1129 1482 1159 f.
1505 1130 1579 1160 circa
1603 1138 1734 1161 eontrac-

215 1183 284 1212 tus,
307 1186 334 1206 et
355 1179 479 1214 dicitur,
502 1180 528 1209 si
548 1180 621 1216 quid
641 1186 742 1216 postea
761 1180 791 1209 in
813 1180 879 1217 ipso
906 1180 1068 1209 Contractu
1092 1181 1160 1209 dolo
1183 1181 1257 1209 malo
1278 1179 1387 1209 factum
1411 1180 1518 1217 fuerit,
1547 1183 1603 1212 hoc
1626 1184 1656 1212 in
1675 1185 1734 1213 Ptr-

217 1226 341 1257 bliciana
358 1237 418 1258 non
440 1231 561 1268 deduci-3
585 1240 636 1260 nec
659 1238 826 1269 spectatur,
850 1232 875 1261 si
893 1241 946 1269 ego
969 1233 1040 1269 quid
1056 1232 1124 1261 dolo
1140 1232 1274 1268 fecerim,
1297 1233 1383 1261 modo
1403 1233 1448 1269 is,
1470 1234 1518 1262 cui
1537 1236 1681 1271 succedo,
1703 1235 1735 1265 in

215 1278 246 1306 b.
267 1279 291 1306 f.
313 1279 411 1309 fuerit.
433 1296 470 1304 —
495 1282 558 1310 Nec
585 1284 701 1320 gravius
722 1284 800 1313 aliud
823 1291 883 1320 est,
906 1285 986 1320 quod
1008 1284 1094 1313 nobis
1118 1283 1280 1320 objiciunt,
1308 1292 1518 1321 argumentum.
1568 1286 1601 1315 In
1619 1286 1734 1316 Usuca·

214 1327 303 1363 pione
319 1336 430 1360 tantum
454 1339 601 1368 spectatur
622 1335 758 1370 initium,
780 1335 809 1362 id
829 1341 873 1363 est
892 1341 1029 1371 rogatur,
1050 1344 1085 1363 an
1109 1335 1177 1370 ille,
1200 1335 1251 1370 qui
1275 1336 1428 1372 usucapit‚
1457 1336 1491 1364 ab
1513 1336 1598 1365 initio
1612 1337 1642 1366 in
1659 1338 1689 1366 b.
1707 1337 1732 1366 f.

207 1376 322 1415 'fuerit3
350 1389 390 1409 m.
409 1382 432 1411 f.
462 1382 657 1413 interveniens
676 1385 750 1412 enim
773 1393 832 1412 non
861 1383 1042 1418 interrumpit
1065 1384 1298 1421 Usucapionem3
1331 1387 1411 1422 atqui
1432 1387 1629 1416 Publicianam
1649 1389 1733 1418 habet

215 1427 331 1462 omnis,
354 1428 405 1463 qui
424 1435 468 1456 est
483 1429 514 1457 in
531 1430 698 1458 conditione
720 1432 925 1467 usucapiendi3
944 1440 1012 1468 ergo
1035 1434 1071 1461 ad
1088 1434 1291 1464 instituendam
1313 1437 1509 1466 Publicianam
1533 1439 1638 1467 sufficit
1657 1440 1688 1468 b.
1706 1439 1731 1468 f.

213 1478 249 1507 ab
273 1478 367 1507 initio.
409 1479 465 1507 Sed
487 1487 623 1515 negamus
644 1481 874 1516 propositionem
900 1482 1037 1512 minorem
1060 1493 1112 1520 per
1131 1486 1226 1514 omnia
1246 1495 1341 1515 veram
1365 1496 1444 1523 esse⁷
1466 1497 1517 1517 nee
1540 1491 1732 1520 adversarium

216 1529 356 1558 habemus
376 1530 534 1568 Ulpianum
559 1531 589 1559 in
609 1532 648 1560 L.
666 1540 693 1567 7.
715 1534 744 1568 ἕ.
763 1542 791 1561 2.
808 1533 846 1569 ff.
868 1534 898 1561 h.
921 1534 954 1562 Τ.
975 1534 1139 1565 Marcellus
1159 1537 1199 1566 L.
1225 1547 1270 1573 17.
1291 1539 1365 1576 Dig.
1388 1539 1505 1575 scribit,
1528 1551 1610 1577 cum,
1637 1545 1688 1580 qm·
1710 1551 1733 1571 a

212 1580 347 1617 furioso,
374 1583 513 1619 ignorans
539 1591 601 1611 eum
621 1583 747 1619 furere,
777 1586 864 1620 emit,
894 1592 974 1623 posse
1003 1595 1179 1625 usucapere,·
1212 1597 1282 1626 ergo
1315 1597 1342 1618 et
1379 1590 1575 1622 Publicianam
1605 1594 1730 1623 habebit.

217 1629 305 1660 Ratio
328 1632 479 1662 dubitandi
502 1633 530 1661 in
552 1632 628 1662 dicta
660 1634 738 1671 Lege
766 1636 834 1663 haec
863 1643 940 1671 erat,
967 1645 1002 1666 an
1028 1638 1074 1674 is,
1101 1640 1150 1675 qui
1172 1648 1188 1668 a
1212 1639 1328 1670 furioso
1346 1641 1376 1669 b.
1393 1642 1417 1670 f.
1439 1643 1573 1680 emisset,
1596 1644 1734 1682 ignorans>

215 1689 281 1711 eum
311 1680 422 1719 furere,
450 1693 465 1712 a
487 1684 537 1713 tali
563 1685 711 1715 venditore
737 1687 851 1724 J'ustum
883 1687 1002 1717 titulum
1035 1690 1210 1726 accepisset.
1256 1692 1311 1721 Sed
1335 1694 1473 1729 quoniam
1492 1695 1523 1723 in
1546 1695 1734 1731 trsucapiendi'

1662 1755 1735 1776 6οη·

241 1827 292 1855 (3)
307 1829 343 1850 Cf.
362 1829 428 1850 Glir'ck
442 1831 501 1858 dms:
519 1833 568 1854 Eri.
583 1834 618 1854 dn
639 1835 707 1856 Pani.
726 1837 776 1856 nach
795 1837 881 1863 Helfeld
898 1837 918 1858 Ιι.
933 1837 957 1859 T.
979 1835 998 1863 §-
1013 1841 1062 1864 597.
1083 1845 1106 1866 p.
1121 1844 1173 1865 337.
1210 1840 1301 1861 aetnam
1319 1843 1342 1862 in
1361 1841 1436 1863 Exere.
1451 1842 1488 1864 VI.
1509 1842 1533 1862 dt
1546 1849 1585 1870 seq.
1606 1848 1632 1864 m.
1643 1842 1667 1870 f.
1682 1841 1733 1865 nh.

214 1869 276 1891 Pru.
295 1870 369 1897 Excip.
388 1872 411 1891 ι’»
426 1871 500 1899 opusc.
518 1875 590 1901 Jun'd.
605 1882 618 1895 a
636 1876 736 1903 Juglero‚
750 1878 826 1903 edim,
847 1885 868 1906 p.
883 1881 933 1905 674.
971 1877 1084 1906 Schulting.
1105 1880 1142 1901 Th.
1162 1883 1219 1902 Cant.
1243 1883 1270 1903 D.
1287 1886 1319 1906 ⁷9·
1337 1881 1357 1907 §‚
1369 1888 1392 1909 9.
1424 1883 1493 1903 Naodt
1505 1883 1533 1904 ad
1543 1884 1565 1906 Ιι.
1581 1883 1604 1904 Τ.
1617 1883 1647 1910 ff.
1662 1890 1691 1906 νι.
1705 1883 1733 1904 ἡ

214 1917 237 1931 η
244 1910 291 1937 fult
306 1910 427 1935 dubitatum.
458 1913 503 1942 Qui
520 1921 592 1937 autem
605 1921 706 1944 tempore
725 1917 873 1940 instituendae
887 1920 950 1941 Publ.
966 1920 988 1941 b.
1006 1921 1022 1941 f.
1044 1922 1121 1944 adesse
1142 1925 1234 1951 volunt,
1250 1924 1372 1951 praecipue
1385 1930 1487 1946 notantur
1501 1933 1520 1947 ν.
1535 1925 1555 1947 d.
1572 1926 1650 1946 Keeml
1666 1926 1728 1948 Dm.

214 1953 239 1973 1ο
252 1953 336 1979 Usueap,
351 1958 425 1980 parm
438 1960 457 1977 ιι
466 1957 533 1984 fiam
546 1960 577 1979 m‘
584 1959 692 1985 furtivae.
710 1967 730 1983 c.
745 1967 767 1988 4.
782 1960 802 1987 §-
819 1966 852 1987 15.
883 1963 974 1991 Wiellng
986 1964 1008 1984 in
1020 1969 1062 1986 not.
1075 1964 1104 1985 ad
1118 1970 1174 1985 usum
1193 1964 1239 1988 Ina.
1253 1964 1321 1987 Pana.
1338 1964 1438 1993 zabini,
1453 1972 1476 1992 p.
1492 1967 1529 1993 96.
1561 1965 1587 1992 J.
1604 1974 1625 1989 ν.
1640 1966 1662 1988 Ι.
1675 1964 1732 1988 lm·-

219 1992 258 2014 ἡ·
269 1994 344 2016 Adnot-
359 1996 388 2016 ud
398 1997 450 2018 Van
462 1998 534 2020 Coma.
551 1999 579 2021 ad
590 2000 610 2022 h.
624 2000 648 2022 T.
661 2001 687 2028 ff.
711 2001 734 2029 §0
748 2009 771 2031 ⁴·

986 2043 1053 2081 As
