1960 2500
449 165 1210 208 rina'ss'a'roussunm
1568 180 1591 216 7

67 268 251 301 functionem
275 262 421 300 inquirens
456 270 506 292 sex
535 260 803 303 Fructificationitm
827 260 931 289 modos
963 252 1088 294 invenit,
1124 259 1175 295 qui
1203 258 1419 288 fundamentum
1452 258 1587 295 praehent

68 319 278 353 characteribus
305 315 442 354 genericis
468 315 588 344 totidem
609 321 754 351 generum.
805 310 970 340 Confervae
984 320 1087 348 nempe
1111 311 1281 340 dividuntur
1300 311 1331 340 in
1350 311 1392 339 VI
1413 310 1525 340 Genera
1545 319 1589 339 se·

69 372 202 412 quentia:
236 370 260 399 Ι.
285 368 490 407 Ectospermes.
534 366 572 396 11.
596 365 760 403 Conjugdes.
807 364 857 392 ΠΙ.
881 364 1085 402 Polyspermes.
1130 362 1182 391 lV.
1206 362 1426 400 Hydrodictyas.
1467 362 1507 390 V.
1531 361 1587 391 Ba-

69 424 303 462 trachospermes.
349 420 402 449 VI.
424 418 596 456 Prolt'feres.
626 435 660 448 -,
686 417 798 446 Horum
827 415 1013 446 Characteres
1041 422 1203 444 enumerare
1229 422 1329 443 omnes
1359 414 1445 443 nimis
1466 415 1587 452 longum

69 475 144 506 soret
166 481 196 504 et
215 483 231 503 a
255 474 354 510 Scopo
374 478 479 501 nostro
498 470 642 500 aberrans.
684 469 750 499 Hoc
769 470 865 499 solum
887 469 1001 504 addam,
1023 468 1103 505 quod
1125 467 1193 496 haec
1211 466 1323 496 Genera
1340 466 1507 495 contineant
1523 473 1588 502 spe-

68 526 127 557 cies
146 525 330 562 complures,
354 532 476 561 quarum
496 531 543 552 eas
563 521 735 558 recensebo,
759 530 833 558 quae
848 521 879 550 in
897 521 1041 558 Catalogo
1063 525 1207 556 prostant.
1249 518 1324 548 Sunt
1342 524 1508 554 sequentes:
1580 520 1584 522 '

181 604 299 633 Bvssus
327 602 459 632 velutina
485 601 576 630 Limt.
627 599 847 636 AECTOSPERMA
881 599 1030 627 terrestris
1064 597 1178 626 Vauch.
1235 595 1401 625 Seminibus
1429 594 1585 631 solitariis,

222 654 428 692 comptauatis,
450 652 671 691 pedunculati5‚
690 652 821 682 antherae
841 659 974 681 recurvae
991 649 1189 680 insidentibus
1209 648 1265 686 (p.
1280 656 1315 684 27
1325 648 1353 686 >-

184 706 360 737 Coum-,nm
380 706 491 735 bullosa
511 705 602 734 Linn.
630 705 760 734 continet
780 712 883 734 omnes
903 703 1035 740 species,
1067 709 1141 738 quae
1159 700 1249 731 Doet.
1274 699 1412 729 Vaaclzer
1432 698 1462 727 in
1489 703 1588 735 genere

222 767 278 788 suo
299 758 340 787 ΙΙ.
355 757 512 787 collocavit
533 757 585 794 (p.
607 758 685 796 39),
707 765 779 793 quas
804 762 897 785 autem
918 755 1053 785 extricare
1073 753 1152 783 haud
1170 760 1263 783 ausus
1283 751 1339 780 fui.

181 809 356 840 CONFERVA
384 808 528 839 rivalaris
556 808 648 836 Linn.
703 808 885 837 Pnommzrm
914 806 1059 836 rivularis
1085 805 1198 834 Vamh.
1253 802 1419 833 Filamentis
1446 799 1585 838 longissi-

223 860 298 895 mis,
319 860 386 888 hinc
407 859 578 897 atquehinc
597 859 783 888 incrassatis:
809 858 900 887 loculi
923 856 1104 895 longitudine
1120 856 1268 886 latitudem
1290 853 1399 892 pluries
1423 853 1584 883 excedente,

222 912 275 949 (p-
302 920 354 948 129
364 912 390 949 >-

105 987 262 1018 Tremellas
280 987 380 1016 divisit
400 987 454 1016 Vir
474 987 639 1024 Expertiss.
663 987 692 1016 in
707 988 767 1016 duo
785 987 917 1017 Genera:
939 995 1041 1024 nempe
1062 987 1092 1015 in
1112 985 1137 1015 1.
1154 984 1344 1013 Oscmatores
1363 989 1391 1011 et
1411 981 1448 1010 11.
1464 981 1587 1017 Nostoc,

70 1048 141 1076 quae
160 1039 266 1068 divisio
287 1038 344 1067 fere
359 1046 516 1075 congruere
531 1039 647 1067 videtur
665 1046 731 1067 cum
750 1038 799 1068 illa
820 1039 866 1067 Ill.
890 1038 1095 1067 Botanicorum
1116 1036 1261 1074 Jussieuii
1281 1041 1308 1064 et
1329 1034 1496 1063 Ventenatii
1516 1034 1588 1070 (πο)

68 1091 100 1120 in
124 1090 275 1119 Tremelles
301 1091 352 1129 qm·
379 1096 427 1119 ont
452 1089 492 1119 du
517 1095 692 1120 mouvement
720 1095 748 1118 et
772 1091 823 1128 qui
850 1098 884 1118 en
910 1096 972 1118 sont
992 1091 1103 1128 prives.
1128 1103 1167 1112 —
1190 1088 1240 1119 Ad
1259 1087 1380 1117 alterum
1402 1085 1504 1116 Genus
1524 1092 1586 1122 per-

71 1141 160 1173 tinet:
1536 1142 1539 1145 ·

183 1218 363 1248 TREMELLA
391 1218 499 1247 Nostoc
525 1217 617 1248 Linn.
663 1217 794 1247 Nos'roc
822 1226 967 1246 commune
994 1217 1108 1246 Vaach.

187 1271 333 1301 Externe.
367 1270 507 1299 Plicatum
529 1269 712 1299 undulatum.

184 1317 313 1347 lut-wne.
341 1321 505 1351 Filamentis
524 1320 763 1357 moniliformib.‚
784 1321 889 1351 ultimo
908 1320 1020 1356 majori.

1288 1255 1401 1264 .........

108 1393 186 1424 Haec
210 1400 280 1423 sunt
298 1394 465 1431 Synonyma
481 1394 542 1423 suis
563 1393 593 1422 in
618 1393 764 1431 Catalogo.
781 1394 852 1424 loco
869 1393 1054 1423 conferenda.

107 1443 198 1474 Hisce
221 1446 278 1482 J‘am
302 1445 485 1482 praemissis,
510 1444 575 1473 Viri
593 1445 773 1474 Clarissimi!
802 1453 835 1474 ut
864 1446 1003 1475 rationem
1029 1444 1170 1473 redderem
1196 1444 1320 1480 aliquam
1347 1441 1474 1472 instituti
1499 1441 1584 1475 hujus

70 1496 222 1533 opusculi,
244 1496 336 1533 ipsam
354 1496 517 1524 Plantarum
538 1496 777 1525 enumerationem
799 1497 893 1526 Vobis
913 1497 1012 1526 offero.
1054 1496 1248 1525 Difficultates
1272 1495 1346 1523 enim
1372 1494 1458 1530 hujtis
1477 1491 1587 1528 Quaes-

72 1547 161 1576 tionis
175 1547 349 1576 solutionem
366 1553 526 1584 prementes
547 1547 642 1576 nostis
653 1555 767 1576 omnes:
790 1547 863 1576 inter
882 1548 933 1576 has
949 1556 1018 1577 vero
1039 1547 1176 1576 maximas
1198 1555 1291 1580 voco,
1313 1545 1389 1582 quod
1415 1543 1461 1570 vix
1481 1549 1587 1570 novem

71 1598 212 1627 mensium
242 1599 368 1635 spatium
397 1607 569 1628 concessum
599 1598 687 1626 fuerit
707 1599 743 1627 ad
770 1598 839 1627 haec
862 1598 1041 1635 colligenda,
1064 1596 1267 1630 examinanda,
1295 1593 1493 1630 disponenda3
1518 1592 1586 1621 dein

73 1648 153 1684 quod
177 1649 241 1684 ipsa
264 1650 443 1685 tempestatis
471 1650 647 1679 constitutio
682 1650 798 1678 minime
828 1648 960 1682 favebat,
987 1654 1114 1684 tempore
1138 1647 1212 1676 enim
1245 1646 1327 1675 valde
1351 1644 1508 1682 pluvioso,
1534 1644 1585 1672 vix

73 1706 200 1735 unquam
221 1707 341 1734 sereno,
369 1698 483 1727 difficile
500 1698 558 1727 fuit
581 1705 625 1727 tot
647 1699 797 1728 instituere
819 1707 870 1735 per
887 1708 1005 1736 campos
1026 1699 1232 1733 excursiones,
1263 1703 1336 1733 quot
1355 1696 1585 1732 requirerentur,

73 1759 166 1787 neque
188 1752 249 1787 ipsa
271 1751 413 1788 vegetatio
438 1751 491 1779 rite
513 1751 696 1786 procedebat.
737 1751 806 1780 Dies
824 1751 899 1780 enim
925 1751 1078 1788 pluviosae
1099 1751 1154 1779 hoc
1182 1757 1257 1778 anno
1283 1747 1400 1776 fuerunt
1421 1754 1477 1782 245
1501 1746 1582 1782 (21).

75 1799 206 1840 Denique
228 1802 341 1849 Summi
360 1802 489 1832 Limnaei
509 1809 692 1840 praeceptum
718 1803 863 1841 egregium
884 1811 962 1833 nunc
983 1809 1049 1841 apte
1071 1801 1210 1840 applicari
1235 1808 1325 1838 posse
1347 1804 1485 1834 autum03
1513 1796 1587 1825 dicit

1507 1855 1588 1878 nem·-

105 1941 166 1971 (ιο)
181 1942 218 1966 ef.
236 1947 310 1966 nutem
324 1948 365 1968 ea,
381 1949 438 1971 quae
456 1948 564 1966 memorat
583 1944 634 1966 Cel.
656 1943 761 1971 nachar,
775 1950 798 1971 p.
813 1943 851 1970 163
871 1949 918 1972 seq.

103 1981 167 2012 (η)
179 1983 231 2008 Vid-
251 1986 302 2013 Au.
321 1985 392 2008 Konst
409 1990 439 2008 en
456 1986 532 2008 Letter
549 1985 613 2008 Bode
632 1991 690 2008 voor
708 1986 724 2006 't
743 1985 789 2013 jaar
809 1987 873 2014 1817.
892 1986 940 2011 Νο.
954 1989 992 2009 n.
