<?xml version="1.0" encoding="UTF-8"?>
<!DOCTYPE html PUBLIC "-//W3C//DTD XHTML 1.0 Transitional//EN"
    "http://www.w3.org/TR/xhtml1/DTD/xhtml1-transitional.dtd">
<html xmlns="http://www.w3.org/1999/xhtml" xml:lang="en" lang="en">
 <head>
  <title>
</title>
<meta http-equiv="Content-Type" content="text/html;charset=utf-8" />
  <meta name='ocr-system' content='tesseract 3.04.00' />
  <meta name='ocr-capabilities' content='ocr_page ocr_carea ocr_par ocr_line ocrx_word'/>
</head>
<body>
  <div class='ocr_page' id='page_1' title='image "annalesacademiae16rijk_0117.png"; bbox 0 0 1960 2500; ppageno 0'>
   <div class='ocr_carea' id='block_1_1' title="bbox 675 158 1673 229">
    <p class='ocr_par' dir='ltr' id='par_1_1' title="bbox 675 158 1673 229">
     <span class='ocr_line' id='line_1_1' title="bbox 675 158 1673 229; baseline 0.008 -32"><span class='ocrx_word' id='word_1_1' title='bbox 675 158 1142 202; x_wconf 73' lang='lat' dir='ltr'>oflArio.</span> <span class='ocrx_word' id='word_1_2' title='bbox 1626 179 1673 229; x_wconf 77' lang='lat'>59</span> 
     </span>
    </p>
   </div>
   <div class='ocr_carea' id='block_1_2' title="bbox 92 257 1663 1994">
    <p class='ocr_par' dir='ltr' id='par_1_2' title="bbox 129 257 1663 512">
     <span class='ocr_line' id='line_1_2' title="bbox 190 257 1663 328; baseline 0.007 -26"><span class='ocrx_word' id='word_1_3' title='bbox 190 268 283 305; x_wconf 89' lang='lat' dir='ltr'>Sunt</span> <span class='ocrx_word' id='word_1_4' title='bbox 313 265 405 300; x_wconf 89' lang='lat' dir='ltr'>inter</span> <span class='ocrx_word' id='word_1_5' title='bbox 435 261 534 308; x_wconf 83' lang='lat' dir='ltr'>Vos,</span> <span class='ocrx_word' id='word_1_6' title='bbox 562 259 622 298; x_wconf 84' lang='lat' dir='ltr'>vel</span> <span class='ocrx_word' id='word_1_7' title='bbox 648 259 742 295; x_wconf 89' lang='lat' dir='ltr'>inter</span> <span class='ocrx_word' id='word_1_8' title='bbox 769 257 925 293; x_wconf 80' lang='lat' dir='ltr'>aliarum</span> <span class='ocrx_word' id='word_1_9' title='bbox 947 259 1163 299; x_wconf 84' lang='lat' dir='ltr'>Scholarum</span> <span class='ocrx_word' id='word_1_10' title='bbox 1182 265 1415 316; x_wconf 76' lang='lat' dir='ltr'>Belgicarum</span> <span class='ocrx_word' id='word_1_11' title='bbox 1442 274 1565 322; x_wconf 87' lang='lat' dir='ltr'>cives,</span> <span class='ocrx_word' id='word_1_12' title='bbox 1602 281 1663 328; x_wconf 75' lang='lat' dir='ltr'>qui</span> 
     </span>
     <span class='ocr_line' id='line_1_3' title="bbox 135 319 1661 388; baseline 0.012 -30"><span class='ocrx_word' id='word_1_13' title='bbox 135 331 182 368; x_wconf 70' lang='lat' dir='ltr'>ad</span> <span class='ocrx_word' id='word_1_14' title='bbox 210 330 364 367; x_wconf 74' lang='lat' dir='ltr'>victores</span> <span class='ocrx_word' id='word_1_15' title='bbox 387 326 550 374; x_wconf 83' lang='lat' dir='ltr'>proxime</span> <span class='ocrx_word' id='word_1_16' title='bbox 578 328 817 358; x_wconf 83' lang='lat' dir='ltr'>accesserunt.</span> <span class='ocrx_word' id='word_1_17' title='bbox 870 319 1037 358; x_wconf 87' lang='lat' dir='ltr'>Profecto</span> <span class='ocrx_word' id='word_1_18' title='bbox 1060 324 1249 364; x_wconf 81' lang='lat' dir='ltr'>honestum</span> <span class='ocrx_word' id='word_1_19' title='bbox 1279 341 1331 366; x_wconf 83' lang='lat' dir='ltr'>est</span> <span class='ocrx_word' id='word_1_20' title='bbox 1361 336 1477 381; x_wconf 81' lang='lat' dir='ltr'>prima</span> <span class='ocrx_word' id='word_1_21' title='bbox 1509 351 1661 388; x_wconf 79' lang='lat' dir='ltr'>sequen-</span> 
     </span>
     <span class='ocr_line' id='line_1_4' title="bbox 132 383 1659 440; baseline 0.009 -13"><span class='ocrx_word' id='word_1_22' title='bbox 132 390 203 429; x_wconf 83' lang='lat' dir='ltr'>tem</span> <span class='ocrx_word' id='word_1_23' title='bbox 230 392 266 426; x_wconf 90' lang='lat' dir='ltr'>in</span> <span class='ocrx_word' id='word_1_24' title='bbox 296 388 462 425; x_wconf 88' lang='lat' dir='ltr'>secundis</span> <span class='ocrx_word' id='word_1_25' title='bbox 491 385 681 434; x_wconf 80' lang='lat' dir='ltr'>tertiisque</span> <span class='ocrx_word' id='word_1_26' title='bbox 719 383 927 420; x_wconf 82' lang='lat' dir='ltr'><strong>consistere.</strong></span> <span class='ocrx_word' id='word_1_27' title='bbox 989 384 1053 421; x_wconf 79' lang='lat' dir='ltr'>illi</span> <span class='ocrx_word' id='word_1_28' title='bbox 1085 388 1201 435; x_wconf 74' lang='lat' dir='ltr'>vero,¹</span> <span class='ocrx_word' id='word_1_29' title='bbox 1224 393 1288 439; x_wconf 87' lang='lat' dir='ltr'>qui</span> <span class='ocrx_word' id='word_1_30' title='bbox 1323 397 1395 430; x_wconf 79' lang='lat' dir='ltr'>tam</span> <span class='ocrx_word' id='word_1_31' title='bbox 1424 396 1659 440; x_wconf 74' lang='lat' dir='ltr'>laudabiliter</span> 
     </span>
     <span class='ocr_line' id='line_1_5' title="bbox 129 444 1656 512; baseline 0.005 -22"><span class='ocrx_word' id='word_1_32' title='bbox 129 445 346 498; x_wconf 68' lang='lat' dir='ltr'>certarunt,</span> <span class='ocrx_word' id='word_1_33' title='bbox 380 464 450 487; x_wconf 90' lang='lat' dir='ltr'>non</span> <span class='ocrx_word' id='word_1_34' title='bbox 484 449 708 495; x_wconf 84' lang='lat' dir='ltr'>consistent3</span> <span class='ocrx_word' id='word_1_35' title='bbox 745 454 778 483; x_wconf 89' lang='lat' dir='ltr'>et</span> <span class='ocrx_word' id='word_1_36' title='bbox 806 444 940 481; x_wconf 86' lang='lat' dir='ltr'>habent</span> <span class='ocrx_word' id='word_1_37' title='bbox 973 446 1078 494; x_wconf 85' lang='lat' dir='ltr'>jam,</span> <span class='ocrx_word' id='word_1_38' title='bbox 1114 450 1158 486; x_wconf 87' lang='lat' dir='ltr'>de</span> <span class='ocrx_word' id='word_1_39' title='bbox 1193 464 1266 501; x_wconf 88' lang='lat' dir='ltr'>quo</span> <span class='ocrx_word' id='word_1_40' title='bbox 1299 467 1525 507; x_wconf 79' lang='lat' dir='ltr'>summopere</span> <span class='ocrx_word' id='word_1_41' title='bbox 1562 476 1656 512; x_wconf 84' lang='lat' dir='ltr'>gau-</span> 
     </span>
    </p>

    <p class='ocr_par' dir='ltr' id='par_1_3' title="bbox 102 506 1655 698">
     <span class='ocr_line' id='line_1_6' title="bbox 102 506 1655 575; baseline 0.008 -25"><span class='ocrx_word' id='word_1_42' title='bbox 102 510 249 554; x_wconf 76' lang='lat' dir='ltr'>‘deant.</span> <span class='ocrx_word' id='word_1_43' title='bbox 300 506 474 551; x_wconf 84' lang='lat' dir='ltr'>Adhibita</span> <span class='ocrx_word' id='word_1_44' title='bbox 512 512 550 547; x_wconf 88' lang='lat' dir='ltr'>in</span> <span class='ocrx_word' id='word_1_45' title='bbox 581 509 773 546; x_wconf 88' lang='lat' dir='ltr'>scribendo</span> <span class='ocrx_word' id='word_1_46' title='bbox 809 523 896 547; x_wconf 83' lang='lat' dir='ltr'>cura</span> <span class='ocrx_word' id='word_1_47' title='bbox 924 511 1134 564; x_wconf 81' lang='lat' dir='ltr'>viriumque</span> <span class='ocrx_word' id='word_1_48' title='bbox 1162 516 1378 566; x_wconf 85' lang='lat' dir='ltr'>intentione,</span> <span class='ocrx_word' id='word_1_49' title='bbox 1414 536 1544 571; x_wconf 83' lang='lat' dir='ltr'>operae</span> <span class='ocrx_word' id='word_1_50' title='bbox 1569 539 1655 575; x_wconf 81' lang='lat' dir='ltr'>pre-</span> 
     </span>
     <span class='ocr_line' id='line_1_7' title="bbox 126 572 1650 636; baseline 0.009 -23"><span class='ocrx_word' id='word_1_51' title='bbox 126 579 218 614; x_wconf 81' lang='lat' dir='ltr'>tium</span> <span class='ocrx_word' id='word_1_52' title='bbox 247 576 533 625; x_wconf 79' lang='lat' dir='ltr'><strong>haudquaquam</strong></span> <span class='ocrx_word' id='word_1_53' title='bbox 570 572 751 621; x_wconf 85' lang='lat' dir='ltr'>perditum</span> <span class='ocrx_word' id='word_1_54' title='bbox 793 581 859 609; x_wconf 86' lang='lat' dir='ltr'>est.</span> <span class='ocrx_word' id='word_1_55' title='bbox 927 572 1006 610; x_wconf 81' lang='lat' dir='ltr'>Hoc</span> <span class='ocrx_word' id='word_1_56' title='bbox 1034 577 1153 613; x_wconf 79' lang='lat' dir='ltr'>animo</span> <span class='ocrx_word' id='word_1_57' title='bbox 1184 579 1284 616; x_wconf 79' lang='lat' dir='ltr'>viam</span> <span class='ocrx_word' id='word_1_58' title='bbox 1321 582 1442 620; x_wconf 77' lang='lat' dir='ltr'>laudis</span> <span class='ocrx_word' id='word_1_59' title='bbox 1473 587 1650 636; x_wconf 76' lang='lat' dir='ltr'>ingressis</span> 
     </span>
     <span class='ocr_line' id='line_1_8' title="bbox 126 635 1242 698; baseline 0.003 -24"><span class='ocrx_word' id='word_1_60' title='bbox 126 640 174 677; x_wconf 78' lang='lat' dir='ltr'>ad</span> <span class='ocrx_word' id='word_1_61' title='bbox 198 640 358 687; x_wconf 85' lang='lat' dir='ltr'>majora,</span> <span class='ocrx_word' id='word_1_62' title='bbox 387 638 476 686; x_wconf 89' lang='lat' dir='ltr'>quin</span> <span class='ocrx_word' id='word_1_63' title='bbox 503 636 548 672; x_wconf 88' lang='lat' dir='ltr'>ad</span> <span class='ocrx_word' id='word_1_64' title='bbox 578 635 761 681; x_wconf 82' lang='lat' dir='ltr'>maxima,</span> <span class='ocrx_word' id='word_1_65' title='bbox 791 635 1009 698; x_wconf 66' lang='lat' dir='ltr'>patefactus⁸</span> <span class='ocrx_word' id='word_1_66' title='bbox 1025 645 1078 672; x_wconf 88' lang='lat' dir='ltr'>est</span> <span class='ocrx_word' id='word_1_67' title='bbox 1107 639 1242 677; x_wconf 81' lang='lat' dir='ltr'>aditus.</span> 
     </span>
    </p>

    <p class='ocr_par' dir='ltr' id='par_1_4' title="bbox 116 697 1646 936">
     <span class='ocr_line' id='line_1_9' title="bbox 170 697 1646 754; baseline 0.012 -24"><span class='ocrx_word' id='word_1_68' title='bbox 170 701 225 738; x_wconf 71' lang='lat' dir='ltr'>lis</span> <span class='ocrx_word' id='word_1_69' title='bbox 254 712 422 748; x_wconf 81' lang='lat' dir='ltr'>quoque,</span> <span class='ocrx_word' id='word_1_70' title='bbox 450 698 536 746; x_wconf 90' lang='lat' dir='ltr'>qui,</span> <span class='ocrx_word' id='word_1_71' title='bbox 573 697 649 734; x_wconf 84' lang='lat' dir='ltr'>sive</span> <span class='ocrx_word' id='word_1_72' title='bbox 684 697 783 745; x_wconf 89' lang='lat' dir='ltr'>quod</span> <span class='ocrx_word' id='word_1_73' title='bbox 809 698 987 734; x_wconf 80' lang='lat' dir='ltr'>tardiores</span> <span class='ocrx_word' id='word_1_74' title='bbox 1015 709 1173 747; x_wconf 56' lang='lat' dir='ltr'>essent,</span> <span class='ocrx_word' id='word_1_75' title='bbox 1201 704 1278 739; x_wconf 90' lang='lat' dir='ltr'>sive</span> <span class='ocrx_word' id='word_1_76' title='bbox 1302 704 1463 743; x_wconf 83' lang='lat' dir='ltr'>honestis</span> <span class='ocrx_word' id='word_1_77' title='bbox 1489 710 1533 745; x_wconf 89' lang='lat' dir='ltr'>de</span> <span class='ocrx_word' id='word_1_78' title='bbox 1558 723 1646 754; x_wconf 60' lang='lat' dir='ltr'>cau-4</span> 
     </span>
     <span class='ocr_line' id='line_1_10' title="bbox 121 760 1644 819; baseline 0.007 -21"><span class='ocrx_word' id='word_1_79' title='bbox 121 763 194 808; x_wconf 76' lang='lat' dir='ltr'>sis,</span> <span class='ocrx_word' id='word_1_80' title='bbox 223 762 381 798; x_wconf 86' lang='lat' dir='ltr'>nondum</span> <span class='ocrx_word' id='word_1_81' title='bbox 415 761 450 795; x_wconf 91' lang='lat' dir='ltr'>in</span> <span class='ocrx_word' id='word_1_82' title='bbox 486 760 712 795; x_wconf 88' lang='lat' dir='ltr'>curriculum</span> <span class='ocrx_word' id='word_1_83' title='bbox 750 761 934 807; x_wconf 84' lang='lat' dir='ltr'>congressi</span> <span class='ocrx_word' id='word_1_84' title='bbox 978 770 1085 808; x_wconf 90' lang='lat' dir='ltr'>sunt,</span> <span class='ocrx_word' id='word_1_85' title='bbox 1124 764 1233 800; x_wconf 85' lang='lat' dir='ltr'>valde</span> <span class='ocrx_word' id='word_1_86' title='bbox 1271 766 1374 802; x_wconf 93' lang='lat' dir='ltr'>utilis</span> <span class='ocrx_word' id='word_1_87' title='bbox 1405 778 1459 805; x_wconf 87' lang='lat' dir='ltr'>est</span> <span class='ocrx_word' id='word_1_88' title='bbox 1492 771 1644 819; x_wconf 75' lang='lat' dir='ltr'>publica</span> 
     </span>
     <span class='ocr_line' id='line_1_11' title="bbox 116 820 1642 884; baseline 0.006 -23"><span class='ocrx_word' id='word_1_89' title='bbox 116 824 208 861; x_wconf 85' lang='lat' dir='ltr'>haec</span> <span class='ocrx_word' id='word_1_90' title='bbox 236 825 391 860; x_wconf 86' lang='lat' dir='ltr'>aliorum</span> <span class='ocrx_word' id='word_1_91' title='bbox 421 822 527 866; x_wconf 84' lang='lat' dir='ltr'>laus,</span> <span class='ocrx_word' id='word_1_92' title='bbox 557 827 597 855; x_wconf 91' lang='lat' dir='ltr'>ut</span> <span class='ocrx_word' id='word_1_93' title='bbox 624 820 670 854; x_wconf 90' lang='lat' dir='ltr'>iis</span> <span class='ocrx_word' id='word_1_94' title='bbox 697 820 794 855; x_wconf 85' lang='lat' dir='ltr'>facto</span> <span class='ocrx_word' id='word_1_95' title='bbox 826 821 961 858; x_wconf 85' lang='lat' dir='ltr'>honore</span> <span class='ocrx_word' id='word_1_96' title='bbox 985 824 1205 873; x_wconf 80' lang='lat' dir='ltr'>incitentur,</span> <span class='ocrx_word' id='word_1_97' title='bbox 1234 835 1267 864; x_wconf 87' lang='lat' dir='ltr'>et</span> <span class='ocrx_word' id='word_1_98' title='bbox 1295 829 1367 878; x_wconf 85' lang='lat' dir='ltr'>ipsi</span> <span class='ocrx_word' id='word_1_99' title='bbox 1398 841 1524 880; x_wconf 82' lang='lat' dir='ltr'>postea</span> <span class='ocrx_word' id='word_1_100' title='bbox 1549 848 1642 884; x_wconf 64' lang='lat' dir='ltr'>quoe</span> 
     </span>
     <span class='ocr_line' id='line_1_12' title="bbox 117 882 1308 936; baseline 0.003 -14"><span class='ocrx_word' id='word_1_101' title='bbox 117 899 186 936; x_wconf 86' lang='lat' dir='ltr'>que</span> <span class='ocrx_word' id='word_1_102' title='bbox 211 887 249 921; x_wconf 91' lang='lat' dir='ltr'>in</span> <span class='ocrx_word' id='word_1_103' title='bbox 278 884 572 921; x_wconf 82' lang='lat' dir='ltr'>concertationem</span> <span class='ocrx_word' id='word_1_104' title='bbox 597 882 793 930; x_wconf 84' lang='lat' dir='ltr'>prodeant,</span> <span class='ocrx_word' id='word_1_105' title='bbox 823 892 857 920; x_wconf 90' lang='lat' dir='ltr'>et</span> <span class='ocrx_word' id='word_1_106' title='bbox 881 885 1050 922; x_wconf 88' lang='lat' dir='ltr'>similiter</span> <span class='ocrx_word' id='word_1_107' title='bbox 1076 887 1308 927; x_wconf 83' lang='lat' dir='ltr'>honorentur.</span> 
     </span>
    </p>

    <p class='ocr_par' dir='ltr' id='par_1_5' title="bbox 92 945 1639 1994">
     <span class='ocr_line' id='line_1_13' title="bbox 164 945 1639 1003; baseline 0.007 -20"><span class='ocrx_word' id='word_1_108' title='bbox 164 948 307 996; x_wconf 88' lang='lat' dir='ltr'>Optimi</span> <span class='ocrx_word' id='word_1_109' title='bbox 337 946 635 990; x_wconf 78' lang='lat' dir='ltr'>commilitones,</span> <span class='ocrx_word' id='word_1_110' title='bbox 663 945 780 981; x_wconf 87' lang='lat' dir='ltr'>denuo</span> <span class='ocrx_word' id='word_1_111' title='bbox 806 946 930 993; x_wconf 88' lang='lat' dir='ltr'>palma</span> <span class='ocrx_word' id='word_1_112' title='bbox 958 950 995 982; x_wconf 86' lang='lat' dir='ltr'>in</span> <span class='ocrx_word' id='word_1_113' title='bbox 1022 950 1140 984; x_wconf 90' lang='lat' dir='ltr'>medio</span> <span class='ocrx_word' id='word_1_114' title='bbox 1166 959 1334 998; x_wconf 88' lang='lat' dir='ltr'>ponetur.</span> <span class='ocrx_word' id='word_1_115' title='bbox 1395 954 1529 1003; x_wconf 84' lang='lat' dir='ltr'>Vobis,</span> <span class='ocrx_word' id='word_1_116' title='bbox 1559 958 1639 998; x_wconf 63' lang='lat' dir='ltr'>Vo-,</span> 
     </span>
     <span class='ocr_line' id='line_1_14' title="bbox 111 1007 1634 1058; baseline 0.007 -13"><span class='ocrx_word' id='word_1_117' title='bbox 111 1009 173 1048; x_wconf 81' lang='lat' dir='ltr'>bis</span> <span class='ocrx_word' id='word_1_118' title='bbox 201 1010 372 1058; x_wconf 86' lang='lat' dir='ltr'>inquam,</span> <span class='ocrx_word' id='word_1_119' title='bbox 400 1008 535 1057; x_wconf 87' lang='lat' dir='ltr'>ingenii</span> <span class='ocrx_word' id='word_1_120' title='bbox 566 1007 662 1044; x_wconf 88' lang='lat' dir='ltr'>vires</span> <span class='ocrx_word' id='word_1_121' title='bbox 689 1007 780 1055; x_wconf 90' lang='lat' dir='ltr'>quid</span> <span class='ocrx_word' id='word_1_122' title='bbox 810 1007 981 1053; x_wconf 78' lang='lat' dir='ltr'>valeant,</span> <span class='ocrx_word' id='word_1_123' title='bbox 1010 1011 1270 1057; x_wconf 79' lang='lat' dir='ltr'>experiundum</span> <span class='ocrx_word' id='word_1_124' title='bbox 1298 1021 1364 1050; x_wconf 85' lang='lat' dir='ltr'>est.</span> <span class='ocrx_word' id='word_1_125' title='bbox 1416 1016 1481 1053; x_wconf 90' lang='lat' dir='ltr'>Nil</span> <span class='ocrx_word' id='word_1_126' title='bbox 1508 1019 1634 1057; x_wconf 84' lang='lat' dir='ltr'>volen-</span> 
     </span>
     <span class='ocr_line' id='line_1_15' title="bbox 112 1068 1632 1122; baseline 0.007 -14"><span class='ocrx_word' id='word_1_127' title='bbox 112 1071 213 1109; x_wconf 79' lang='lat' dir='ltr'>tibus</span> <span class='ocrx_word' id='word_1_128' title='bbox 248 1071 424 1116; x_wconf 86' lang='lat' dir='ltr'>arduum;</span> <span class='ocrx_word' id='word_1_129' title='bbox 463 1069 578 1104; x_wconf 83' lang='lat' dir='ltr'>honos</span> <span class='ocrx_word' id='word_1_130' title='bbox 617 1068 682 1104; x_wconf 87' lang='lat' dir='ltr'>alit</span> <span class='ocrx_word' id='word_1_131' title='bbox 716 1077 824 1105; x_wconf 86' lang='lat' dir='ltr'>artes.</span> <span class='ocrx_word' id='word_1_132' title='bbox 893 1071 1024 1119; x_wconf 88' lang='lat' dir='ltr'>Itaque</span> <span class='ocrx_word' id='word_1_133' title='bbox 1061 1073 1175 1110; x_wconf 84' lang='lat' dir='ltr'>alacri</span> <span class='ocrx_word' id='word_1_134' title='bbox 1213 1076 1332 1112; x_wconf 89' lang='lat' dir='ltr'>animo</span> <span class='ocrx_word' id='word_1_135' title='bbox 1366 1078 1411 1114; x_wconf 83' lang='lat' dir='ltr'>ad</span> <span class='ocrx_word' id='word_1_136' title='bbox 1447 1079 1632 1122; x_wconf 77' lang='lat' dir='ltr'>honestam</span> 
     </span>
     <span class='ocr_line' id='line_1_16' title="bbox 111 1129 1630 1186; baseline 0.007 -16"><span class='ocrx_word' id='word_1_137' title='bbox 111 1133 407 1170; x_wconf 87' lang='lat' dir='ltr'>concertationem</span> <span class='ocrx_word' id='word_1_138' title='bbox 439 1130 517 1166; x_wconf 85' lang='lat' dir='ltr'>Vos</span> <span class='ocrx_word' id='word_1_139' title='bbox 552 1129 756 1177; x_wconf 84' lang='lat' dir='ltr'>accingite,</span> <span class='ocrx_word' id='word_1_140' title='bbox 796 1138 830 1165; x_wconf 89' lang='lat' dir='ltr'>et</span> <span class='ocrx_word' id='word_1_141' title='bbox 870 1142 937 1177; x_wconf 86' lang='lat' dir='ltr'>pro</span> <span class='ocrx_word' id='word_1_142' title='bbox 976 1134 1077 1169; x_wconf 83' lang='lat' dir='ltr'>virili</span> <span class='ocrx_word' id='word_1_143' title='bbox 1116 1136 1253 1184; x_wconf 85' lang='lat' dir='ltr'>singuli</span> <span class='ocrx_word' id='word_1_144' title='bbox 1285 1147 1389 1186; x_wconf 85' lang='lat' dir='ltr'>parte</span> <span class='ocrx_word' id='word_1_145' title='bbox 1412 1141 1630 1183; x_wconf 85' lang='lat' dir='ltr'>Scholarum</span> 
     </span>
     <span class='ocr_line' id='line_1_17' title="bbox 107 1191 1628 1244; baseline 0.008 -15"><span class='ocrx_word' id='word_1_146' title='bbox 107 1195 341 1244; x_wconf 80' lang='lat' dir='ltr'>Belgicarum</span> <span class='ocrx_word' id='word_1_147' title='bbox 369 1192 524 1241; x_wconf 80' lang='lat' dir='ltr'>gloriam</span> <span class='ocrx_word' id='word_1_148' title='bbox 563 1191 732 1236; x_wconf 89' lang='lat' dir='ltr'>tuemini,</span> <span class='ocrx_word' id='word_1_149' title='bbox 768 1203 813 1227; x_wconf 92' lang='lat' dir='ltr'>ne</span> <span class='ocrx_word' id='word_1_150' title='bbox 856 1192 946 1240; x_wconf 88' lang='lat' dir='ltr'>quid</span> <span class='ocrx_word' id='word_1_151' title='bbox 982 1194 1140 1232; x_wconf 76' lang='lat' dir='ltr'>habeant</span> <span class='ocrx_word' id='word_1_152' title='bbox 1175 1206 1383 1235; x_wconf 82' lang='lat' dir='ltr'>exterarum</span> <span class='ocrx_word' id='word_1_153' title='bbox 1412 1203 1628 1242; x_wconf 81' lang='lat' dir='ltr'>Academia-</span> 
     </span>
     <span class='ocr_line' id='line_1_18' title="bbox 104 1255 1630 1316; baseline 0.003 -22"><span class='ocrx_word' id='word_1_154' title='bbox 104 1270 190 1297; x_wconf 73' lang='lat' dir='ltr'>rum</span> <span class='ocrx_word' id='word_1_155' title='bbox 217 1258 379 1302; x_wconf 79' lang='lat' dir='ltr'>alumni,</span> <span class='ocrx_word' id='word_1_156' title='bbox 410 1255 690 1303; x_wconf 79' lang='lat' dir='ltr'>Gottingenses,</span> <span class='ocrx_word' id='word_1_157' title='bbox 730 1255 909 1291; x_wconf 80' lang='lat' dir='ltr'>Halenses</span> <span class='ocrx_word' id='word_1_158' title='bbox 920 1283 933 1301; x_wconf 93' lang='lat'>,</span> <span class='ocrx_word' id='word_1_159' title='bbox 965 1256 1004 1294; x_wconf 90' lang='lat' dir='ltr'><em>V</em></span> <span class='ocrx_word' id='word_1_160' title='bbox 1006 1260 1298 1306; x_wconf 77' lang='lat' dir='ltr'>ratislavienses,</span> <span class='ocrx_word' id='word_1_161' title='bbox 1337 1262 1630 1316; x_wconf 64' lang='lat' dir='ltr'>Heidelbergem</span> 
     </span>
     <span class='ocr_line' id='line_1_19' title="bbox 103 1318 1629 1370; baseline 0.01 -16"><span class='ocrx_word' id='word_1_162' title='bbox 103 1334 182 1366; x_wconf 67' lang='lat'>⁶65,</span> <span class='ocrx_word' id='word_1_163' title='bbox 217 1321 462 1369; x_wconf 79' lang='lat' dir='ltr'>Hasnienses‚</span> <span class='ocrx_word' id='word_1_164' title='bbox 499 1318 702 1353; x_wconf 76' lang='lat' dir='ltr'>Bernenses</span> <span class='ocrx_word' id='word_1_165' title='bbox 733 1318 891 1367; x_wconf 86' lang='lat' dir='ltr'>aliique,</span> <span class='ocrx_word' id='word_1_166' title='bbox 929 1319 973 1355; x_wconf 90' lang='lat' dir='ltr'>de</span> <span class='ocrx_word' id='word_1_167' title='bbox 1001 1334 1075 1370; x_wconf 80' lang='lat' dir='ltr'>quo</span> <span class='ocrx_word' id='word_1_168' title='bbox 1086 1351 1098 1368; x_wconf 90' lang='lat'>,</span> <span class='ocrx_word' id='word_1_169' title='bbox 1139 1324 1322 1362; x_wconf 86' lang='lat' dir='ltr'>similibus</span> <span class='ocrx_word' id='word_1_170' title='bbox 1361 1330 1494 1365; x_wconf 86' lang='lat' dir='ltr'>melius</span> <span class='ocrx_word' id='word_1_171' title='bbox 1525 1333 1629 1369; x_wconf 87' lang='lat' dir='ltr'>adhi-</span> 
     </span>
     <span class='ocr_line' id='line_1_20' title="bbox 103 1378 1623 1431; baseline 0.007 -11"><span class='ocrx_word' id='word_1_172' title='bbox 103 1383 193 1420; x_wconf 80' lang='lat' dir='ltr'>bitis</span> <span class='ocrx_word' id='word_1_173' title='bbox 225 1382 429 1425; x_wconf 81' lang='lat' dir='ltr'>institutis,</span> <span class='ocrx_word' id='word_1_174' title='bbox 467 1388 575 1428; x_wconf 85' lang='lat' dir='ltr'>caput</span> <span class='ocrx_word' id='word_1_175' title='bbox 610 1378 796 1427; x_wconf 55' lang='lat' dir='ltr'>efferant„</span> <span class='ocrx_word' id='word_1_176' title='bbox 842 1382 1023 1431; x_wconf 87' lang='lat' dir='ltr'>Equidem</span> <span class='ocrx_word' id='word_1_177' title='bbox 1063 1385 1106 1420; x_wconf 88' lang='lat' dir='ltr'>de</span> <span class='ocrx_word' id='word_1_178' title='bbox 1148 1388 1303 1423; x_wconf 74' lang='lat' dir='ltr'>excitato</span> <span class='ocrx_word' id='word_1_179' title='bbox 1345 1397 1379 1425; x_wconf 91' lang='lat' dir='ltr'>et</span> <span class='ocrx_word' id='word_1_180' title='bbox 1416 1392 1623 1431; x_wconf 86' lang='lat' dir='ltr'>confirmato</span> 
     </span>
     <span class='ocr_line' id='line_1_21' title="bbox 104 1442 1623 1503; baseline 0.005 -21"><span class='ocrx_word' id='word_1_181' title='bbox 104 1446 173 1482; x_wconf 90' lang='lat' dir='ltr'>hoc</span> <span class='ocrx_word' id='word_1_182' title='bbox 195 1445 275 1494; x_wconf 89' lang='lat' dir='ltr'>ipso</span> <span class='ocrx_word' id='word_1_183' title='bbox 304 1444 362 1479; x_wconf 84' lang='lat' dir='ltr'>die</span> <span class='ocrx_word' id='word_1_184' title='bbox 388 1444 424 1478; x_wconf 90' lang='lat' dir='ltr'>in</span> <span class='ocrx_word' id='word_1_185' title='bbox 453 1443 581 1477; x_wconf 86' lang='lat' dir='ltr'>animis</span> <span class='ocrx_word' id='word_1_186' title='bbox 609 1442 751 1479; x_wconf 83' lang='lat' dir='ltr'>Vestris</span> <span class='ocrx_word' id='word_1_187' title='bbox 786 1443 877 1480; x_wconf 87' lang='lat' dir='ltr'>bene</span> <span class='ocrx_word' id='word_1_188' title='bbox 909 1446 1070 1481; x_wconf 89' lang='lat' dir='ltr'>merendi</span> <span class='ocrx_word' id='word_1_189' title='bbox 1098 1447 1227 1482; x_wconf 85' lang='lat' dir='ltr'>ardore</span> <span class='ocrx_word' id='word_1_190' title='bbox 1255 1456 1354 1486; x_wconf 80' lang='lat' dir='ltr'>tanto</span> <span class='ocrx_word' id='word_1_191' title='bbox 1381 1453 1513 1488; x_wconf 85' lang='lat' dir='ltr'>melius</span> <span class='ocrx_word' id='word_1_192' title='bbox 1541 1467 1623 1503; x_wconf 54' lang='lat' dir='ltr'>spe-2</span> 
     </span>
     <span class='ocr_line' id='line_1_22' title="bbox 102 1504 1616 1563; baseline 0.007 -21"><span class='ocrx_word' id='word_1_193' title='bbox 102 1518 146 1544; x_wconf 87' lang='lat' dir='ltr'>ro</span> <span class='ocrx_word' id='word_1_194' title='bbox 175 1514 209 1542; x_wconf 84' lang='lat' dir='ltr'>et</span> <span class='ocrx_word' id='word_1_195' title='bbox 238 1512 339 1540; x_wconf 85' lang='lat' dir='ltr'>tanto</span> <span class='ocrx_word' id='word_1_196' title='bbox 369 1504 605 1540; x_wconf 82' lang='lat' dir='ltr'>confidentius</span> <span class='ocrx_word' id='word_1_197' title='bbox 630 1505 790 1550; x_wconf 87' lang='lat' dir='ltr'>ominor,</span> <span class='ocrx_word' id='word_1_198' title='bbox 818 1518 892 1553; x_wconf 86' lang='lat' dir='ltr'>quo</span> <span class='ocrx_word' id='word_1_199' title='bbox 917 1506 1044 1553; x_wconf 90' lang='lat' dir='ltr'>plures</span> <span class='ocrx_word' id='word_1_200' title='bbox 1063 1508 1155 1543; x_wconf 89' lang='lat' dir='ltr'>inter</span> <span class='ocrx_word' id='word_1_201' title='bbox 1175 1508 1250 1544; x_wconf 90' lang='lat' dir='ltr'>Vos</span> <span class='ocrx_word' id='word_1_202' title='bbox 1273 1524 1350 1547; x_wconf 88' lang='lat' dir='ltr'>esse</span> <span class='ocrx_word' id='word_1_203' title='bbox 1367 1523 1462 1550; x_wconf 89' lang='lat' dir='ltr'>certo</span> <span class='ocrx_word' id='word_1_204' title='bbox 1482 1516 1616 1563; x_wconf 75' lang='lat' dir='ltr'>seiam,</span> 
     </span>
     <span class='ocr_line' id='line_1_23' title="bbox 101 1564 1618 1624; baseline 0.008 -22"><span class='ocrx_word' id='word_1_205' title='bbox 101 1567 168 1616; x_wconf 83' lang='lat' dir='ltr'>qui</span> <span class='ocrx_word' id='word_1_206' title='bbox 198 1566 386 1601; x_wconf 85' lang='lat' dir='ltr'>literarum</span> <span class='ocrx_word' id='word_1_207' title='bbox 416 1564 549 1600; x_wconf 82' lang='lat' dir='ltr'>studiis</span> <span class='ocrx_word' id='word_1_208' title='bbox 577 1574 721 1601; x_wconf 83' lang='lat' dir='ltr'>strenue</span> <span class='ocrx_word' id='word_1_209' title='bbox 752 1573 785 1601; x_wconf 91' lang='lat' dir='ltr'>et</span> <span class='ocrx_word' id='word_1_210' title='bbox 817 1578 941 1602; x_wconf 83' lang='lat' dir='ltr'>severa</span> <span class='ocrx_word' id='word_1_211' title='bbox 969 1568 1047 1616; x_wconf 83' lang='lat' dir='ltr'>lege</span> <span class='ocrx_word' id='word_1_212' title='bbox 1079 1582 1224 1616; x_wconf 86' lang='lat' dir='ltr'>operam</span> <span class='ocrx_word' id='word_1_213' title='bbox 1261 1572 1365 1619; x_wconf 86' lang='lat' dir='ltr'>dent,</span> <span class='ocrx_word' id='word_1_214' title='bbox 1403 1584 1436 1611; x_wconf 89' lang='lat' dir='ltr'>et</span> <span class='ocrx_word' id='word_1_215' title='bbox 1462 1590 1618 1624; x_wconf 89' lang='lat' dir='ltr'>quorum</span> 
     </span>
     <span class='ocr_line' id='line_1_24' title="bbox 98 1626 1615 1679; baseline 0.007 -14"><span class='ocrx_word' id='word_1_216' title='bbox 98 1629 192 1665; x_wconf 84' lang='lat' dir='ltr'>tales</span> <span class='ocrx_word' id='word_1_217' title='bbox 217 1627 286 1663; x_wconf 79' lang='lat' dir='ltr'>hoc</span> <span class='ocrx_word' id='word_1_218' title='bbox 312 1638 404 1661; x_wconf 86' lang='lat' dir='ltr'>anno</span> <span class='ocrx_word' id='word_1_219' title='bbox 430 1626 563 1662; x_wconf 83' lang='lat' dir='ltr'>fuerint</span> <span class='ocrx_word' id='word_1_220' title='bbox 590 1639 729 1679; x_wconf 77' lang='lat' dir='ltr'>mores,</span> <span class='ocrx_word' id='word_1_221' title='bbox 758 1633 799 1663; x_wconf 85' lang='lat' dir='ltr'>ut</span> <span class='ocrx_word' id='word_1_222' title='bbox 828 1627 958 1663; x_wconf 86' lang='lat' dir='ltr'>horum</span> <span class='ocrx_word' id='word_1_223' title='bbox 987 1641 1094 1665; x_wconf 84' lang='lat' dir='ltr'>causa</span> <span class='ocrx_word' id='word_1_224' title='bbox 1119 1632 1224 1667; x_wconf 80' lang='lat' dir='ltr'>nulla</span> <span class='ocrx_word' id='word_1_225' title='bbox 1253 1635 1391 1670; x_wconf 87' lang='lat' dir='ltr'>ratione</span> <span class='ocrx_word' id='word_1_226' title='bbox 1421 1638 1509 1673; x_wconf 87' lang='lat' dir='ltr'>mihi</span> <span class='ocrx_word' id='word_1_227' title='bbox 1538 1652 1615 1674; x_wconf 87' lang='lat' dir='ltr'>mo-</span> 
     </span>
     <span class='ocr_line' id='line_1_25' title="bbox 97 1688 1612 1744; baseline 0.006 -18"><span class='ocrx_word' id='word_1_228' title='bbox 97 1690 237 1734; x_wconf 86' lang='lat' dir='ltr'>lestus,</span> <span class='ocrx_word' id='word_1_229' title='bbox 266 1688 328 1724; x_wconf 87' lang='lat' dir='ltr'>sed</span> <span class='ocrx_word' id='word_1_230' title='bbox 354 1689 523 1725; x_wconf 88' lang='lat' dir='ltr'>continuo</span> <span class='ocrx_word' id='word_1_231' title='bbox 548 1701 698 1726; x_wconf 85' lang='lat' dir='ltr'>serenus</span> <span class='ocrx_word' id='word_1_232' title='bbox 734 1699 838 1726; x_wconf 89' lang='lat' dir='ltr'>esset.</span> <span class='ocrx_word' id='word_1_233' title='bbox 895 1692 1042 1739; x_wconf 86' lang='lat' dir='ltr'>ltaque,</span> <span class='ocrx_word' id='word_1_234' title='bbox 1073 1705 1146 1739; x_wconf 84' lang='lat' dir='ltr'>quo</span> <span class='ocrx_word' id='word_1_235' title='bbox 1180 1695 1368 1741; x_wconf 86' lang='lat' dir='ltr'>coepistis,</span> <span class='ocrx_word' id='word_1_236' title='bbox 1394 1698 1485 1744; x_wconf 88' lang='lat' dir='ltr'>pede</span> <span class='ocrx_word' id='word_1_237' title='bbox 1504 1701 1612 1735; x_wconf 83' lang='lat' dir='ltr'>navi-</span> 
     </span>
     <span class='ocr_line' id='line_1_26' title="bbox 97 1751 1611 1803; baseline 0.008 -17"><span class='ocrx_word' id='word_1_238' title='bbox 97 1759 152 1788; x_wconf 85' lang='lat' dir='ltr'>ter</span> <span class='ocrx_word' id='word_1_239' title='bbox 176 1751 334 1799; x_wconf 87' lang='lat' dir='ltr'>pergite,</span> <span class='ocrx_word' id='word_1_240' title='bbox 373 1758 405 1786; x_wconf 87' lang='lat' dir='ltr'>et</span> <span class='ocrx_word' id='word_1_241' title='bbox 440 1760 480 1787; x_wconf 91' lang='lat' dir='ltr'>ut</span> <span class='ocrx_word' id='word_1_242' title='bbox 512 1751 667 1801; x_wconf 87' lang='lat' dir='ltr'>impigro</span> <span class='ocrx_word' id='word_1_243' title='bbox 706 1752 829 1789; x_wconf 79' lang='lat' dir='ltr'>labore</span> <span class='ocrx_word' id='word_1_244' title='bbox 848 1781 859 1799; x_wconf 93' lang='lat'>,</span> <span class='ocrx_word' id='word_1_245' title='bbox 895 1754 945 1789; x_wconf 85' lang='lat' dir='ltr'>ita</span> <span class='ocrx_word' id='word_1_246' title='bbox 976 1762 1010 1790; x_wconf 87' lang='lat' dir='ltr'>et</span> <span class='ocrx_word' id='word_1_247' title='bbox 1049 1754 1187 1803; x_wconf 84' lang='lat' dir='ltr'>integra</span> <span class='ocrx_word' id='word_1_248' title='bbox 1219 1756 1348 1803; x_wconf 83' lang='lat' dir='ltr'>laude,</span> <span class='ocrx_word' id='word_1_249' title='bbox 1379 1760 1423 1794; x_wconf 84' lang='lat' dir='ltr'>ad</span> <span class='ocrx_word' id='word_1_250' title='bbox 1450 1773 1611 1798; x_wconf 64' lang='lat' dir='ltr'>summos</span> 
     </span>
     <span class='ocr_line' id='line_1_27' title="bbox 95 1812 1610 1868; baseline 0.007 -19"><span class='ocrx_word' id='word_1_251' title='bbox 95 1813 227 1849; x_wconf 85' lang='lat' dir='ltr'>tendite</span> <span class='ocrx_word' id='word_1_252' title='bbox 257 1812 411 1848; x_wconf 81' lang='lat' dir='ltr'>honores</span> <span class='ocrx_word' id='word_1_253' title='bbox 430 1840 442 1857; x_wconf 89' lang='lat'>,</span> <span class='ocrx_word' id='word_1_254' title='bbox 478 1822 512 1849; x_wconf 89' lang='lat' dir='ltr'>et</span> <span class='ocrx_word' id='word_1_255' title='bbox 538 1813 606 1850; x_wconf 83' lang='lat' dir='ltr'>hac</span> <span class='ocrx_word' id='word_1_256' title='bbox 634 1812 713 1862; x_wconf 76' lang='lat' dir='ltr'>ipsa</span> <span class='ocrx_word' id='word_1_257' title='bbox 749 1816 809 1851; x_wconf 85' lang='lat' dir='ltr'>via</span> <span class='ocrx_word' id='word_1_258' title='bbox 841 1816 997 1864; x_wconf 84' lang='lat' dir='ltr'>gloriam</span> <span class='ocrx_word' id='word_1_259' title='bbox 1032 1817 1247 1853; x_wconf 81' lang='lat' dir='ltr'>Academiae</span> <span class='ocrx_word' id='word_1_260' title='bbox 1279 1818 1610 1868; x_wconf 80' lang='lat' dir='ltr'>Lugduno-Bata-</span> 
     </span>
     <span class='ocr_line' id='line_1_28' title="bbox 92 1874 1609 1931; baseline 0.007 -22"><span class='ocrx_word' id='word_1_261' title='bbox 92 1886 183 1920; x_wconf 73' lang='lat' dir='ltr'>vae,</span> <span class='ocrx_word' id='word_1_262' title='bbox 213 1882 388 1922; x_wconf 87' lang='lat' dir='ltr'>quantum</span> <span class='ocrx_word' id='word_1_263' title='bbox 415 1875 452 1910; x_wconf 89' lang='lat' dir='ltr'>in</span> <span class='ocrx_word' id='word_1_264' title='bbox 479 1874 593 1911; x_wconf 85' lang='lat' dir='ltr'>Vobis</span> <span class='ocrx_word' id='word_1_265' title='bbox 622 1885 696 1922; x_wconf 88' lang='lat' dir='ltr'>est,</span> <span class='ocrx_word' id='word_1_266' title='bbox 735 1878 928 1924; x_wconf 87' lang='lat' dir='ltr'>sustinete,</span> <span class='ocrx_word' id='word_1_267' title='bbox 965 1886 1000 1913; x_wconf 88' lang='lat' dir='ltr'>et</span> <span class='ocrx_word' id='word_1_268' title='bbox 1028 1891 1115 1915; x_wconf 86' lang='lat' dir='ltr'>vero</span> <span class='ocrx_word' id='word_1_269' title='bbox 1145 1878 1290 1925; x_wconf 87' lang='lat' dir='ltr'>efficite,</span> <span class='ocrx_word' id='word_1_270' title='bbox 1330 1890 1370 1916; x_wconf 93' lang='lat' dir='ltr'>ut</span> <span class='ocrx_word' id='word_1_271' title='bbox 1400 1890 1432 1917; x_wconf 87' lang='lat' dir='ltr'>et</span> <span class='ocrx_word' id='word_1_272' title='bbox 1454 1884 1609 1931; x_wconf 83' lang='lat' dir='ltr'>posteri-</span> 
     </span>
     <span class='ocr_line' id='line_1_29' title="bbox 96 1935 1605 1994; baseline 0.006 -22"><span class='ocrx_word' id='word_1_273' title='bbox 96 1943 153 1972; x_wconf 77' lang='lat' dir='ltr'>tas</span> <span class='ocrx_word' id='word_1_274' title='bbox 176 1935 377 1984; x_wconf 84' lang='lat' dir='ltr'>intelligat,</span> <span class='ocrx_word' id='word_1_275' title='bbox 405 1945 583 1984; x_wconf 85' lang='lat' dir='ltr'>quantum</span> <span class='ocrx_word' id='word_1_276' title='bbox 602 1938 671 1976; x_wconf 82' lang='lat' dir='ltr'>hae</span> <span class='ocrx_word' id='word_1_277' title='bbox 695 1940 772 1988; x_wconf 80' lang='lat' dir='ltr'>jam</span> <span class='ocrx_word' id='word_1_278' title='bbox 799 1949 914 1979; x_wconf 82' lang='lat' dir='ltr'>aetate</span> <span class='ocrx_word' id='word_1_279' title='bbox 941 1941 1096 1991; x_wconf 81' lang='lat' dir='ltr'>juvenili</span> <span class='ocrx_word' id='word_1_280' title='bbox 1126 1941 1343 1990; x_wconf 79' lang='lat' dir='ltr'>valueritis,</span> <span class='ocrx_word' id='word_1_281' title='bbox 1372 1952 1405 1980; x_wconf 88' lang='lat' dir='ltr'>et</span> <span class='ocrx_word' id='word_1_282' title='bbox 1431 1953 1605 1994; x_wconf 86' lang='lat' dir='ltr'>quantum</span> 
     </span>
    </p>
   </div>
   <div class='ocr_carea' id='block_1_3' title="bbox 97 1996 1606 2104">
    <p class='ocr_par' dir='ltr' id='par_1_6' title="bbox 97 1996 1606 2104">
     <span class='ocr_line' id='line_1_30' title="bbox 97 1996 474 2046; baseline 0.003 -11"><span class='ocrx_word' id='word_1_283' title='bbox 97 1996 215 2035; x_wconf 82' lang='lat' dir='ltr'>literis</span> <span class='ocrx_word' id='word_1_284' title='bbox 238 1997 474 2046; x_wconf 76' lang='lat' dir='ltr'>profeceritis.</span> 
     </span>
     <span class='ocr_line' id='line_1_31' title="bbox 1556 2067 1606 2104; baseline 0 0"><span class='ocrx_word' id='word_1_285' title='bbox 1556 2067 1606 2104; x_wconf 75' lang='lat' dir='ltr'>Et</span> 
     </span>
    </p>
   </div>
  </div>
 </body>
</html>
