1940 2474
555 142 1079 182 coMMENTAJIO
1145 153 1506 194 JURIDICA·
1758 170 1799 206 31

282 227 369 264 redit3
393 235 452 258 non
473 229 545 258 idem
570 231 600 259 in
620 240 652 261 eo
675 233 754 268 quod
777 233 994 268 adplumbatum
1018 244 1081 273 est,
1103 241 1173 277 quia
1183 241 1398 277 fer-ruminatio
1416 254 1472 285 per
1489 250 1797 289 eamdem-Materiam

272 279 355 315 facit
375 280 584 317 confusionem,
609 284 805 321 plumbatum
834 294 889 313 nou
915 285 989 316 idem
1009 289 1092 324 facit
1113 290 1145 319 d.
1172 293 1210 322 L.
1242 294 1272 323 id
1292 303 1354 332 est,
1384 300 1435 333 qui
1466 300 1703 337 ferruminatione
1726 311 1798 340 duae

278 330 412 366 pluresve
430 340 474 361 res
495 333 620 370 ejusdem
646 335 779 364 materiae
800 336 875 365 inter
899 346 929 366 se
953 339 1193 381 confunduntur,
1215 354 1280 375 eum
1306 357 1405 379 contra
1429 353 1614 387 plumbatum
1627 367 1686 387 non
1702 362 1796 393 eadent

278 383 411 418 materia,
439 384 490 412 sed
509 385 562 414 alia
586 387 670 422 plane
693 387 804 419 diversa
828 389 862 417 ab
888 398 938 426 eo,
965 390 1014 418 cui
1036 393 1165 430 accedit,
1185 395 1245 425 fiat.
1290 398 1443 438 Quidquid
1467 403 1556 440 igitur
1579 409 1794 444 adplumbatum

274 441 340 470 est,
359 443 421 464 non
441 436 534 466 simile
552 437 585 466 fit
607 439 667 474 tei,
689 439 738 468 cui
761 442 890 477 accedit,
920 443 968 470 sed
993 444 1186 474 conditionem
1209 456 1288 477 suam
1313 454 1458 488 propriam
1480 457 1602 495 retinet3
1633 470 1676 491 res
1700 471 1793 495 autem

276 486 512 517 fieri-uminatione
534 490 636 526 juncta
660 491 735 519 cum*
750 491 798 520 fiat
820 494 914 523 eadem
940 496 1073 535 materia⁷
1095 497 1198 527 similis
1223 499 1256 528 fit
1276 501 1315 530 rei
1336 505 1383 533 cui
1408 509 1536 546 accedit;
1562 511 1609 541 itai
1623 520 1656 542 ut
1679 516 1704 544 si
1729 518 1794 548 talis

275 543 319 565 tes
339 540 461 575 usucapi
482 541 595 576 possit,
617 542 702 570 etiam
723 542 815 579 illud,
837 545 917 580 quod
938 546 1080 582 accessit,
1102 549 1154 579 hac
1177 552 1290 582 actione
1310 562 1447 591 petatur„

276 597 279 600 ·
307 588 406 618 ‘Sicuti
428 593 508 627 quod
531 593 571 622 ita
591 599 701 624 statuae
725 597 854 631 accedit,
876 597 1032 627 rescissum
1047 600 1214 633 Publiciana
1234 607 1293 642 peti
1315 618 1436 648 posset,
1458 614 1502 643 sic
1518 616 1601 647 etiam
1619 622 1699 656 quod
1714 631 1793 653 areae

271 639 453 678 imponitur,
475 651 505 672 v.
523 652 550 672 c.
569 645 745 682 aedificium,
766 648 934 678 Publiciana
957 649 1016 685 peti
1042 659 1163 689 potest3·
1180 659 1316 691 quoniam
1333 663 1499 698 superficies
1515 669 1590 697 cedit
1602 679 1689 703 areae.
1730 675 1790 714 Qui

268 690 359 727 igitur
378 693 409 722 b.
427 693 452 722 f.
476 695 576 724 emerit
591 705 702 734 aream,
730 705 757 728 et
779 698 810 727 in
828 707 859 728 ea
883 700 1011 730 Insulam
1035 704 1243 743 aedificaverit,
1273 710 1364 747 hanc,
1385 715 1490 744 amissa
1510 722 1715 759 possessione,
1734 726 1792 755 Pu-

264 742 388 774 bliciana
406 753 503 782 petere
526 755 636 784 potest.
686 751 790 780 Insula
819 759 934 788 autem,
967 760 998 784 ut
1026 755 1083 783 hoc
1111 757 1203 787 obiter
1226 769 1373 799 moneam,
1403 765 1438 795 de
1459 776 1635 807 quocunque
1658 776 1789 808 aedificio

265 794 389 832 dicitur,
418 800 498 834 quod
517 800 664 834 circumiri
687 808 797 837 potest.
846 804 983 840 Scilicet,
1014 814 1150 837 nascente
1170 812 1325 846 republica?
1346 814 1475 846 Romana
1504 819 1582 850 Urbs
1608 829 1714 854 tantam
1744 836 1795 857 ae-

265 845 346 875 dium
369 851 595 887 magnitudinem
616 853 646 881 in
672 862 702 882 se
721 855 850 883 nondum
873 857 1054 894 continebat,
1083 860 1167 889 locus
1189 862 1297 892 circum
1320 873 1365 894 eas
1390 876 1450 897 non
1474 870 1513 899 ita
1536 872 1732 914 limitabatur‚
1753 887 1786 908 ut

265 898 379 927 nullum
402 902 521 932 omnino
542 903 667 939 spatium
691 905 848 935 aedificanti
872 907 995 945 relinqui
1018 919 1130 946 posset.
1180 915 1336 946 Crescente
1357 920 1457 949 deinde
1487 923 1593 953 clvium
1618 929 1786 966 aediumque

262 954 405 987 numero,
427 954 540 983 nullum
562 956 690 992 spatium
714 958 822 987 circum
847 969 892 989 eas
915 961 1040 997 relinqui
1058 970 1182 999 poterat.
1223 967 1304 1006 Quae
1326 976 1419 1000 autem
1443 973 1566 1008 pristina
1586 977 1677 1008 forma
1691 982 1785 1010 aedifi-

259 1004 344 1030 catae
364 1010 442 1032 erant
465 1006 564 1042 aedes,
585 1009 752 1038 insularum
773 1011 888 1041 nomine
909 1014 1030 1050 proprio
1045 1015 1201 1052 significari
1222 1020 1299 1049 haud
1321 1023 1489 1061 cessabant,
1513 1036 1586 1063 quae
1608 1038 1666 1059 vox
1682 1039 1784 1068 postea

260 1053 299 1081 Ue
317 1062 494 1093 quocunque
510 1060 639 1090 aedificio
663 1063 795 1099 usurpari
815 1065 923 1101 coepit.
965 1065 1026 1103 Qui
1050 1067 1175 1098 insulam
1197 1072 1280 1100 talem
1301 1073 1331 1102 b.
1353 1074 1377 1104 f.
1399 1077 1515 1114 emerit,
1538 1079 1624 1109 simul
1651 1090 1679 1112 et
1692 1092 1783 1128 aream

260 1112 397 1136 censetur
414 1110 527 1139 emisse.
577 1112 608 1140 Si
637 1113 732 1144 insula
759 1115 848 1153 igitur
873 1125 907 1146 ex
939 1126 1112 1155 quacunque
1135 1131 1240 1159 causa,
1267 1124 1343 1154 sorte
1370 1127 1502 1159 incendio
1518 1152 1528 1166 ‚
1557 1132 1651 1163 diruta
1674 1134 1780 1174 fuerit,

258 1155 365 1187 ‘Emtor
387 1166 481 1190 tamen
504 1171 593 1192 aream
626 1166 732 1194 salvam
764 1167 867 1204 habet,
895 1176 1016 1207 eamque
1045 1172 1096 1202 hac
1120 1174 1232 1206 actione
1258 1184 1335 1207 recte
1358 1181 1442 1216 petit.
1489 1182 1530 1212 Et
1553 1184 1612 1215 hoc
1635 1193 1679 1216 est
1701 1189 1781 1224 quod

257 1204 441 1244 'significatur
459 1213 490 1243 in
510 1215 539 1251 §-
565 1216 620 1245 ult.
642 1217 730 1254 huius
750 1217 851 1256 Legis.
1209 1219 1212 1224 ’

888 1323 942 1352 Ad
962 1324 1068 1364 Legem
1093 1327 1167 1358 ΧΠ..

250 1421 274 1425 ,Δ
298 1406 462 1435 Secundum
486 1406 565 1445 Juris
594 1409 725 1440 Romani
750 1413 915 1449 principia,⁹
947 1417 1114 1450 prohibitae
1139 1431 1218 1454 erant
1240 1427 1408 1462 donationes
1437 1434 1515 1465 inter
1535 1439 1628 1469 virum
1657 1449 1684 1470 et
1707 1449 1778 1472 uxo-

257 1466 333 1494 rem,
355 1467 440 1495 quam
463 1460 707 1498 prohibitionem,
729 1463 854 1499 primum
875 1467 1004 1497 moribus
1029 1470 1220 1506 introductam
1231 1499 1249 1513 ,.
1271 1489 1371 1517 postea
1397 1485 1508 1517 SCtum
1530 1491 1706 1521 Caracallae
1720 1494 1776 1523 Im-

248 1510 396 1546 peratoris
417 1511 608 1542 confirmavit.
650 1514 803 1544 Rationem
827 1518 1035 1553 prohibitionis
1055 1522 1126 1552 hanc
1145 1528 1237 1557 reddit
1263 1531 1406 1569 Ulpianus
1427 1536 1457 1564 in
1478 1538 1517 1566 L.
1535 1548 1562 1568 1.
1580 1540 1617 1577 ff.
1639 1542 1674 1571 de
1693 1543 1771 1573 Don.

257 1562 336 1589 inter
356 1562 393 1591 V.
415 1570 443 1592 ct
463 1563 501 1592 U.
531 1566 611 1600 quod
639 1566 677 1595 ita
709 1567 794 1597 facile
820 1578 894 1600 uxor
922 1577 950 1600 et
981 1573 1118 1610 maritus,
1148 1585 1257 1609 mutato
1287 1591 1404 1622 amore,
1434 1588 1641 1622 donationibus
1666 1597 1773 1632 spolia-

245 1613 367 1643 ·rentur.
405 1614 467 1651 {Sed
491 1616 567 1646 haud
595 1619 655 1647 scio
683 1628 719 1649 an
743 1621 783 1649 ita
804 1629 890 1652 recte.
937 1623 1015 1654 Mihi
1038 1628 1139 1663 potius
1163 1631 1275 1662 videtur
1295 1637 1368 1666 ratio
1392 1647 1431 1668 ext
1451 1642 1673 1679 antiquitatibus
1694 1656 1773 1683 repe-

243 1667 351 1695 ‘tenda.
400 1666 544 1698 Nimirum
565 1671 686 1706 mulier,
714 1681 804 1710 quae,
832 1676 1072 1707 confarreationis
1095 1688 1144 1710 aut
1164 1685 1336 1716 coemtionis
1359 1691 1496 1722 adhibitis
1521 1695 1771 1735 solemnitatibus,

246 1715 412 1754 nupserat,
439 1720 522 1751 fiebat
542 1722 600 1752 filia
623 1722 764 1762 familias,
796 1734 823 1756 et
849 1729 938 1757 sicuti
967 1730 1048 1760 Pater
1071 1741 1137 1763 cum
1168 1736 1224 1765 filia
1248 1739 1370 1768 familias
1391 1749 1447 1770 una
1472 1744 1625 1782 eademque
1646 1748 1771 1781 Persona

244 1764 323 1795 'esse
344 1769 528 1807 censebatur,
555 1775 592 1804 ita
611 1783 638 1805 et
662 1786 734 1807 uxor
757 1788 821 1808 cum
844 1781 920 1810 viro.
966 1783 1146 1814 Donationes
1178 1787 1249 1817 inter
1279 1789 1365 1820 filiam
1392 1791 1516 1824 familias
1540 1804 1567 1825 et
1594 1799 1703 1830 Patrem
1728 1811 1769 1832 re-

260 1826 325 1848 vera
354 1821 448 1850 nullae
474 1830 551 1852 erant
583 1834 672 1862 quum
695 1832 773 1865 quod
795 1841 887 1861 meum
913 1840 956 1862 est
982 1836 1073 1873 magis
1097 1847 1189 1867 meum
1212 1840 1270 1869 fieri
1295 1851 1428 1879 nequeat.
1477 1847 1587 1878 Eodem
1619 1853 1701 1882 etiam
1725 1863 1767 1884 re-

261 1878 361 1906 spectu
383 1871 521 1904 invalidae
543 1885 621 1907 erant
643 1881 811 1912 donationes
834 1884 908 1913 inter
933 1886 1026 1915 virum
1055 1895 1082 1917 et
1114 1899 1241 1921 imorem.
1292 1895 1432 1926 Cessante
1462 1908 1528 1930 vero
1550 1902 1608 1932 isto
1629 1913 1680 1941 per
1697 1914 1766 1936 con-

239 1921 454 1954 'farreationem
475 1934 522 1956 aut
547 1937 598 1965 per
618 1932 808 1966 coemtionem
831 1937 996 1973 nuptiarum
1018 1940 1093 1977 ritu,
1115 1945 1238 1974 cessavit
1260 1947 1343 1976 etiam
1363 1951 1435 1980 ratio
1458 1954 1684 1994 prohibitionis,
1706 1966 1764 1988 non

258 1978 326 2004 vcro
344 1970 408 2013 ipsa‘
426 1979 596 2015 prohibitio.
633 1983 715 2022 Jam,
737 1995 804 2018 cum
829 1994 955 2028 tempore
970 1991 1115 2030 JCtorum
1139 2004 1199 2026 non
1220 1999 1345 2036 amplius
1368 2010 1421 2038 per
1441 2005 1693 2040 confarreationem
1717 2011 1763 2040 vel

1716 2071 1766 2102 per
