1940 2474
282 179 328 213 62
518 177 564 209 H.
630 177 668 209 C.
736 185 846 209 vau
913 185 1012 207 naa
1079 175 1255 207 Boon
1321 176 1570 221 M‘EscH,

285 267 398 301 ditent,
427 269 544 294 azotum
566 263 766 299 adscenderet,
788 262 961 301 oxygenium
984 263 1165 293 descenderet
1186 270 1251 292 cum
1277 262 1359 293 acido
1379 263 1544 294 carbonico.
1584 264 1802 305 Respondent,
1828 275 1833 284 s

286 317 365 348 venti
385 311 624 353 Atmosphaeram
645 315 675 344 in
691 322 802 344 motum
820 315 913 350 cient,
937 315 998 352 ejus
1018 314 1158 351 principia
1178 323 1245 343 cum
1265 323 1295 343 se
1313 315 1433 343 invicem
1452 316 1585 346 miscent.
1615 317 1670 346 Sed
1687 320 1795 349 ntillam

285 371 346 399 vim
368 369 397 398 in
421 369 530 397 Natura
553 368 642 402 novi,
672 376 744 404 quae
770 368 836 396 licet
861 366 983 395 debilior
1007 367 1044 395 sit
1072 372 1121 394 aut
1145 367 1282 395 efficacior
1306 368 1425 396 eundem
1442 374 1535 396 tamen
1557 368 1688 398 effectum
1713 371 1795 408 edat3

286 430 353 451 nam
377 420 425 449 nbi
447 420 522 449 nulli
546 419 655 456 spirant
678 419 754 448 venti
775 425 803 447 et
824 417 882 446 fere
906 417 1030 454 quiescit
1054 417 1282 455 Atmosphaera,
1304 419 1397 447 eadem
1417 419 1625 456 principiorum
1647 423 1797 458 proportio

291 473 452 510 detegitur,
477 472 536 501 acsi
564 471 674 508 spirent
699 470 776 500 venti
803 478 906 507 magno
933 470 1061 506 impetu3
1085 476 1186 506 specto
1208 470 1254 499 hic
1273 472 1360 499 aerem
1382 471 1414 500 in
1435 471 1579 501 cubiculis
1602 473 1708 502 clausis
1730 479 1800 503 eun-

289 526 352 554 dem
374 524 520 553 inventum
547 523 597 559 qui
620 523 649 551 in
671 523 762 551 ⁴libera
782 522 992 558 Atmospliaera
1013 522 1161 557 reperitur.

327 576 473 614 Quaenam
499 575 544 603 vis
573 573 683 613 acidum
706 573 892 602 carbonicum
917 582 1090 609 suspensum
1115 581 1207 603 teneat
1238 575 1385 603 cacumine
1412 575 1553 604 montium
1575 575 1800 613 altissimorum,

290 634 324 656 ut
346 626 454 655 montis
472 625 626 654 Sabandiae
647 625 702 654 albi
728 625 993 662 (Mam-blanc),
1017 625 1109 653 eadem
1133 624 1190 654 fere
1211 627 1418 662 proportione,
1441 635 1497 662 qua
1514 627 1659 656 invenitur
1678 628 1707 657 in
1731 629 1804 658 infe-

289 680 417 709 rioribus
436 679 552 714 stratis,
575 679 609 707 ad
630 686 702 714 qnae
727 678 840 715 largiter
860 677 1009 706 advehitur
1030 678 1063 706 ab
1092 677 1255 706 animalium
1278 678 1483 714 respiratione,
1506 679 1727 715 combustione,
1749 679 1804 709 fer-

292 730 485 760 mentatione?
515 730 574 768 Qui
597 730 661 765 fiat,
695 737 726 758 ut
751 735 807 758 tam
830 729 932 766 exigua
957 737 1046 765 aquae
1070 730 1165 765 portio
1182 731 1236 758 aiiri
1259 730 1343 766 insit,
1371 740 1436 759 cum
1460 732 1494 760 ab
1511 731 1588 760 omni
1608 737 1686 768 parte
1705 741 1739 762 ex
1759 739 1804 762 tot

291 790 321 812 et
334 783 422 811 tantis
438 781 586 817 fontibus,
609 788 682 817 quot
700 782 804 816 maria,
828 782 962 816 flumina,
984 788 1069 817 atque
1086 782 1180 810 omnis
1198 783 1372 811 continentis
1390 783 1576 819 superficies,
1597 783 1740 820 offerunt,
1763 785 1807 814 in-

294 841 364 870 gens
394 841 484 868 aquae
507 832 591 868 copia
618 839 788 868 evaporetur
812 840 897 867 atque
926 833 1167 869 Atmosphaerain
1196 833 1302 862 intret?
1337 834 1418 872 Quid
1445 834 1593 870 impediat,
1625 844 1684 871 quo
1710 836 1806 865 minus

293 888 339 915 aer
361 887 390 914 in
411 893 487 914 marc
508 892 628 920 aqueum
655 885 859 912 convertatur?
885 885 1042 922 Quomodo
1070 884 1287 920 intelligendum
1309 885 1365 920 sit,
1389 886 1469 920 quod
1492 886 1675 922 lieterogenea
1697 887 1807 917 rarissi-

295 946 341 966 me
366 938 435 966 adeo
461 935 684 971 Atmosphaerae
711 935 800 964 insint
826 932 875 964 ‘aut
897 936 997 971 exigua
1021 935 1127 970 copia?
1156 936 1283 963 Possunt
1305 936 1380 964 enim
1406 936 1473 964 haec
1493 945 1543 972 per
1563 937 1651 965 aerem
1674 939 1806 974 misceri,

298 997 438 1025 suspensa
463 988 562 1016 teneri.
610 987 684 1015 Nam
711 994 861 1016 ventorum
886 989 980 1016 eadem
1009 987 1071 1021 vis,
1099 994 1171 1022 quae
1192 987 1261 1015 adeo
1286 994 1416 1015 accurate
1445 993 1582 1022 azotum,
1611 989 1804 1025 oxygenium,

296 1041 409 1070 acidum
433 1039 616 1068 carbonicum
639 1046 665 1066 et
689 1047 808 1074 aquam,
835 1039 953 1068 miscere
972 1047 1134 1074 censeatur,
1158 1045 1254 1076 potest
1277 1047 1396 1075 quoque
1421 1039 1539 1068 miscere
1559 1039 1679 1075 quaevis
1701 1049 1753 1076 gaz
1775 1048 1809 1069 ex

298 1092 448 1129 putredine
467 1097 517 1119 aut
538 1090 692 1126 quibusvis
718 1090 1017 1126 decompositionibus
1039 1091 1170 1119 oriunda.
1211 1091 1340 1127 Apparet
1360 1090 1430 1125 quid
1450 1091 1484 1118 de
1507 1096 1622 1119 naturae
1641 1091 1809 1120 oeconomia

298 1144 365 1179 fiat,
389 1144 413 1172 si
437 1142 605 1171 Meclianice
629 1142 716 1170 mixta
736 1150 797 1170 esse
822 1142 891 1170 aeris
914 1142 1054 1179 principia
1082 1141 1287 1178 assumpseris;
1319 1150 1415 1170 verum
1440 1150 1505 1170 curn
1528 1142 1681 1171 utilissima
1706 1151 1737 1170 ac
1762 1149 1811 1171 ne·

299 1195 423 1224 cessaria
447 1195 485 1223 sit
509 1193 628 1222 limitata
644 1194 868 1229 Atinospliaerae
890 1194 1061 1230 proportio,
1081 1201 1113 1222 ut
1140 1194 1212 1221 lianc
1237 1199 1329 1221 servet
1350 1201 1459 1222 summa
1478 1202 1533 1230 ope
1558 1193 1659 1222 nititur
1678 1192 1807 1228 Natura;

299 1248 398 1283 itaque
419 1255 478 1275 non
505 1245 564 1273 fato
590 1245 699 1274 incerto
722 1245 803 1281 qnasi
833 1252 929 1281 potest
953 1246 1059 1273 tradere
1090 1245 1342 1280 Annosphaeram,
1391 1245 1542 1283 Quodnam
1571 1251 1664 1274 autem
1689 1244 1812 1273 medium

300 1299 399 1335 aptius
427 1298 523 1334 potuit
549 1299 728 1335 excogitare,
759 1300 793 1326 ad
824 1299 896 1327 lianc
920 1299 1136 1335 proportionem
1161 1298 1347 1331 servandam,
1377 1305 1462 1332 quam
1489 1296 1631 1324 affinitati-s
1659 1295 1813 1324 Chemicae

301 1350 361 1378 vim
387 1357 496 1385 semper
519 1350 573 1377 sibi
602 1349 743 1385 similem,
769 1351 859 1378 nullis
890 1350 983 1378 causis
1012 1349 1234 1383 detur-bundam,
1265 1347 1372 1383 ubique
1396 1347 1425 1375 in
1453 1354 1623 1383 perpetuum
1651 1348 1812 1378 efficacissi-

302 1409 394 1436 mam3
426 1409 509 1435 sane,
531 1401 555 1428 si
575 1407 683 1428 tantum
711 1401 743 1428 ab
762 1401 813 1428 liae
835 1407 912 1436 parte
935 1407 1062 1429 naturam
1089 1400 1210 1428 observo
1230 1400 1350 1435 ejusque
1372 1399 1446 1426 vires
1471 1406 1654 1435 perscrutor,
1676 1408 1811 1429 memora·

300 1459 357 1481 tam
377 1451 435 1480 vim
460 1451 612 1480 Chemicae
632 1451 774 1480 affinitatis
794 1452 1017 1487 Atmosphaerae
1033 1451 1178 1480 rectricem
1201 1459 1328 1487 agnosco
1350 1449 1490 1478 lubenter.

340 1503 396 1532 His
418 1502 553 1532 omnibus
572 1511 656 1531 unam
675 1503 885 1531 memorabilem
904 1503 994 1532 habeo
1013 1504 1166 1532 addendam
1185 1502 1431 1537 observationemg,
1454 1501 1566 1530 scilicet
1583 1502 1618 1530 ab
1639 1500 1685 1530 111.
1701 1501 1812 1530 Pricst-

302 1556 357 1584 leio
383 1555 564 1583 observatum
590 1561 652 1590 est,
682 1555 872 1591 plurimisque
895 1554 1093 1591 experimentis
1122 1553 1337 1589 confirmatum,
1359 1562 1483 1590 corpora
1505 1553 1529 1582 si
1556 1553 1585 1582 in
1608 1553 1738 1590 apricum
1758 1563 1812 1590 po-

302 1613 424 1640 nantur,
447 1605 544 1633 fractis
567 1605 712 1641 vinculis,
736 1606 843 1642 quibus
863 1606 963 1642 juncta
989 1612 1157 1641 teneantur,
1186 1606 1268 1642 quasi
1291 1612 1323 1634 ut
1344 1602 1382 1633 ita
1404 1605 1495 1633 dicam
1521 1604 1549 1633 in
1572 1611 1649 1634 statu
1669 1605 1811 1635 evolutio·

300 1658 347 1687 nis
367 1663 535 1692 versentur,
558 1657 657 1694 majori
677 1657 707 1685 vi
731 1663 758 1685 et
779 1657 952 1694 promptiori
974 1658 1106 1686 affinitate
1127 1666 1192 1686 cum
1214 1657 1277 1685 aliis
1297 1656 1420 1685 materiis
1443 1656 1609 1685 Chcmicam
1630 1655 1701 1684 inire
1719 1664 1810 1693 copu-

301 1710 369 1738 lam.
411 1708 510 1737 Liceat
529 1708 601 1736 hanc
627 1717 682 1737 rem
708 1710 840 1745 exemplo
863 1710 1018 1745 illustrarc3
1042 1719 1129 1746 supra
1152 1717 1274 1745 corpora
1294 1707 1485 1744 putrescentia
1506 1707 1614 1735 haereat
1633 1715 1684 1743 gaz
1704 1715 1809 1744 oxyge-

302 1761 401 1795 nium,
424 1767 450 1789 et
468 1759 643 1788 formabitur
664 1769 763 1797 magna
786 1761 871 1797 copia
892 1770 944 1797 gaz
968 1761 1038 1790 acidi
1061 1760 1206 1789 cai-bonici
1225 1767 1251 1788 ct
1271 1757 1383 1793 nitrici3
1408 1759 1518 1787 interim
1540 1758 1690 1787 carbonem
1707 1765 1735 1786 ct
1756 1767 1808 1795 gaz

286 1814 418 1841 'azotum
441 1819 506 1840 cum
533 1813 629 1840 eodem
652 1820 705 1849 gaz
729 1813 871 1849 oxygonio
895 1813 1000 1841 nullam
1020 1820 1133 1842 constat
1154 1812 1225 1840 inire
1247 1810 1502 1847 conjunctionem,
1527 1809 1582 1837 nisi
1605 1809 1742 1838 adhibitis
1761 1816 1811 1838 aut

304 1863 404 1900 majori
431 1870 640 1899 temperatura,
670 1871 720 1892 ant
749 1863 882 1892 electi-ico
909 1864 1016 1893 fluido:
1054 1873 1087 1893 ex
1122 1863 1221 1899 frigida
1251 1861 1395 1890 solutione
1425 1860 1556 1889 muriatis
1587 1861 1680 1889 stanni
1705 1869 1810 1897 aquea,

303 1914 386 1956 (erat
409 1921 502 1942 autern
533 1914 560 1943 in
583 1923 613 1943 ca
642 1915 771 1943 nondum
797 1923 880 1943 omne
906 1917 1048 1944 metallum
1076 1917 1202 1944 solutum
1229 1922 1321 1949 neque
1349 1921 1433 1941 omne
1461 1912 1597 1949 acidum)
1626 1919 1722 1941 natum
1750 1912 1810 1941 vidi

302 1971 356 2002 gaz
379 1964 532 2001 singularis
560 1966 654 1994 odoris
685 1966 858 2002 pungentis,
888 1967 982 2002 qualis
1008 1975 1099 2002 neque
1126 1973 1168 1994 cst
1195 1974 1245 2001 gaz
1273 1964 1345 1993 acidi
1373 1963 1534 1999 muriafici,
1562 1972 1655 2000 neque
1680 1963 1809 1993 muriatis

299 2016 396 2049 stanni
417 2016 500 2045 etiam
521 2015 669 2045 calefacti:
693 2017 828 2054 suspicor
851 2017 877 2046 id
901 2027 954 2054 gaz
977 2018 1069 2046 fuisse
1089 2026 1142 2054 gaz
1164 2015 1370 2053 hydrogcnium
1394 2015 1507 2051 aliquot
1531 2021 1663 2045 stanncas
1684 2015 1813 2052 particu-

1769 2068 1810 2096 las
