1960 2500
315 129 369 175 '413
838 121 1266 162 SERIES:

423 224 543 260 1816.

369 292 410 319 ιο
432 276 634 323 Septembris,
677 275 872 310 Dissertatio
900 275 940 308 de
964 274 1086 307 Morbis
1107 275 1273 312 Aetatum,
1294 270 1420 304 defensa
1443 279 1460 300 a
1482 270 1499 300 J
1507 267 1662 311 osepho
1683 254 1809 298 Bene·

558 329 622 361 dic
633 334 673 359 to
696 330 723 359 O
734 329 858 371 oghe,
877 340 915 360 ex
931 326 1168 370 Langemarck-
1155 325 1335 364 -Flandro‚
1353 334 1411 367 pro
1426 324 1598 353 Doctoratu
1612 319 1812 352 Medicinae..

369 396 404 419 ιι
430 382 633 427 Septembris.
677 381 844 423 Specimen
857 380 1057 417 Jmidicum,
1080 379 1247 410 continens
1263 377 1365 408 Varia
1381 375 1469 407 Jaris
1488 376 1532 404 Ca
1556 373 1617 411 ita,
1640 371 1814 403 defensum

558 445 575 464 a
606 433 872 465 Ferdinando
906 432 1101 464 Antonio.
1132 430 1337 461 Costerio
1366 428 1413 459 de
1443 385 1809 464 Bogofen,1{ure-

560 484 740 524 mondauo,
763 497 822 529 pro
839 488 1012 516 Doctoratu
1032 483 1115 514 suris
1132 483 1267 513 Romani
1283 489 1314 513 et
1329 481 1492 512 Hodierni.

374 540 497 573 Eodem
520 538 582 572 die.
629 539 818 571 Dissertatio
850 536 890 568 cle
921 535 1070 567 Melaena
1097 535 1165 566 sive
1195 533 1235 565 de
1265 533 1376 564 morbo
1410 533 1522 574 nigro,
1551 522 1676 562 defensa
1697 541 1715 561 a
1737 528 1794 561 Μ
1786 540 1812 559 ι-

561 590 609 621 ch
618 602 635 621 a
645 602 661 622 e
672 591 682 621 1
692 602 709 622 e
731 593 807 621 Bau
816 601 868 621 we
877 600 898 619 n
907 599 936 627 s,
961 587 1171 624 Bruxellensi,
1196 597 1256 629 pro
1273 588 1446 616 Doctoratu
1462 583 1653 615 Medici-nae.

381 644 500 680 Eodem
523 643 585 675 die.
629 644 811 674 Dissertatio
832 641 873 672 de
907 642 1037 683 Angina
1062 639 1214 671 traclzeali
1234 638 1478 676 z'lffantuloram,
1503 635 1629 667 defensa
1658 645 1675 664 a
1696 636 1814 665 Petro

565 695 780 729 Emanueie
802 697 1094 729 Temmerman,
1117 692 1271 722 Alostano
1293 701 1352 733 pro
1374 692 1547 720 Doctoratu
1570 686 1752 720 Medicinae,

386 761 422 784 12
447 748 646 794 Septembris.
695 747 930 779 Observationes
962 746 996 777 in
1029 743 1245 786 Xenophontis
1272 743 1470 785 Symposium
1505 747 1536 772 et
1568 738 1818 782 ζξγιοραειῖὶαηι,

566 800 709 833 defensae
745 811 763 830 a
795 801 862 830 Joa
872 809 947 829 nnc
981 796 1056 828 Bro
1066 809 1093 828 w
1104 809 1128 827 n
1141 820 1151 834 ‚
1185 795 1381 829 Arnhemia—
1392 794 1489 825 Gelro
1503 816 1511 832 ‚
1544 803 1602 834 pro
1644 793 1820 822 Doctorum

568 853 789 896 Philosophiae
810 850 1016 881 Theorelicne
1034 856 1065 880 et
1084 849 1259 879 literarum
1278 847 1522 877 Humaniorum.

388 907 426 945 14
450 906 648 949 Septen1b1is.
695 905 871 935 Positiones
897 901 1066 939 Medicae,
1095 899 1239 931 defensae
1272 911 1288 931 a
1319 897 1490 931 Corneli
1501 907 1521 927 o
1551 896 1753 936 Wiukler,
1783 908 1823 930 ex

574 968 656 999 pago
674 954 881 998 Appeldoorn
903 953 1018 990 Gelro,
1038 963 1097 994 pro
1114 954 1288 982 Doctoratu
1302 951 1490 983 Medicinae.

362 1048 364 1050 Ι
393 1009 431 1042 16
456 1009 660 1052 Septembris.
706 1006 886 1037 Positiones
917 1002 1085 1040 Mediam,
1118 1001 1262 1033 defensae
1304 1013 1322 1032 a
1356 1000 1509 1032 Jacobo
1541 1002 1692 1032 Carolo
1720 1004 1826 1032 Jose-

575 1073 597 1104 p
606 1061 629 1091 h
638 1071 658 1091 o
680 1062 703 1092 F
712 1071 727 1090 r
737 1068 754 1088 a
764 1069 787 1088 n
796 1056 836 1087 k
828 1068 839 1086 1
850 1066 895 1086 ne
905 1060 943 1092 t,
960 1052 1145 1091 leodiensi,
1167 1064 1227 1095 pro
1245 1055 1418 1084 Doctoratu
1439 1052 1629 1085 Medicinae.

393 1114 434 1148 28
457 1108 656 1157 Septembris.
689 1111 876 1143 Dissertatio
891 1107 933 1139 de
944 1105 1159 1150 Phagadenczt,
1183 1105 1311 1137 defensa
1333 1115 1350 1135 a
1370 1105 1417 1137 Ri
1427 1116 1443 1136 c
1453 1105 1525 1136 har
1535 1105 1557 1137 d
1567 1117 1595 1137 ο.
1611 1106 1646 1137 Ο’
1654 1118 1672 1137 c
1680 1117 1700 1138 o
1710 1117 1733 1138 n
1744 1106 1809 1139 nel
1816 1130 1826 1146 ,

576 1164 702 1197 [flando
717 1187 727 1203 .,
751 1174 810 1208 pro
831 1165 1007 1193 Doctoratu
1021 1159 1209 1191 Medicina&

355 1213 358 1217 ¹
394 1228 434 1262 3⁰
457 1217 660 1262 Septembris.
704 1215 893 1249 Dissertatio
933 1212 973 1244 de
1008 1213 1109 1244 Fehre
1137 1211 1322 1255 paerperali
1331 1236 1340 1250 ‚
1380 1210 1507 1243 defensa
1536 1222 1554 1242 a
1584 1213 1611 1242 R
1619 1211 1716 1244 einh
1725 1223 1741 1244 a
1750 1223 1767 1245 r
1776 1211 1835 1245 do*

576 1273 599 1302 E
607 1282 628 1302 o
637 1277 704 1302 nte
715 1271 755 1301 in
763 1293 780 1308 ,Y
797 1272 820 1300 F
821 1277 992 1310 raneqnera
1000 1282 1012 1290 -
1020 1267 1120 1298 Frisio
1132 1290 1147 1306 ‚v
1165 1278 1224 1309 pro
1242 1268 1415 1297 Doctoratu
1435 1263 1623 1300 Medicinae,

416 1322 436 1355 5
460 1322 615 1357 Octobris,
659 1322 847 1355 Dissertatio
876 1319 916 1350 de
938 1319 1089 1350 Passione
1119 1320 1282 1360 Hysterica
1291 1343 1300 1356 ‚
1336 1316 1462 1349 defensa
1494 1328 1511 1347 a
1538 1319 1564 1347 L
1572 1329 1594 1348 ιι
1603 1317 1624 1349 d
1634 1329 1653 1349 0
1661 1328 1682 1349 v
1692 1319 1701 1348 i
1711 1330 1727 1350 c
1737 1330 1757 1350 o
1779 1318 1799 1349 d
1807 1329 1825 1350 e

369 1405 373 1409 .
581 1376 678 1409 Mun
688 1375 732 1406 ck
744 1397 755 1412 ‚
777 1385 813 1404 ex
831 1371 979 1404 Parochia
994 1372 1067 1402 Divi
1085 1371 1206 1402 Nicoiai
1218 1372 1337 1402 Wasiae
1350 1393 1367 1409 ‚v
1385 1381 1433 1411 πο
1451 1370 1625 1401 Dociomm
1638 1371 1828 1403 Medicinae.

393 1436 433 1470 19
455 1429 610 1460 Octobris.
656 1426 913 1459 Dissertatio
947 1424 993 1456 (ie
1033 1427 1066 1455 L.
1101 1425 1295 1456 Cornelio
1328 1422 1435 1454 Sulla
1474 1422 1744 1465 Legisiatore‚
1775 1426 1827 1457 de·

579 1480 667 1512 sensa
704 1481 745 1510 in
775 1481 797 1510 Λ
811 1477 994 1509 uditorio
1025 1477 1174 1518 Majori
1204 1476 1243 1508 ab
1268 1480 1323 1509 He
1335 1481 1447 1511 nritco
1475 1482 1540 1513 Me
1552 1479 1712 1510 lehiore
1734 1480 1831 1510 Voc-

584 1534 606 1565 k
616 1544 633 1565 e
642 1539 702 1564 sta
713 1543 729 1562 e
739 1543 753 1562 r
764 1539 795 1568 tr,
819 1529 991 1573 Deiphensi
1004 1553 1013 1567 ‚
1039 1539 1098 1572 pro
1121 1531 1293 1562 Doctoratu
1319 1533 1403 1563 Iuris
1424 1533 1559 1566 Romani
1583 1538 1613 1562 et
1640 1531 1806 1566 Hodierni.

396 1597 436 1618 22
460 1586 614 1618 Octobris,
661 1583 845 1616 Dissertatio
860 1581 900 1612 de
916 1581 1096 1619 Sarcoeek,
1122 1581 1247 1613 defensa
1271 1584 1310 1614 ab
1333 1585 1374 1628 lg
1383 1598 1404 1617 ῃ
1416 1598 1432 1617 a
1442 1594 1453 1618 t
1465 1588 1474 1617 i
1484 1598 1504 1617 0
1534 1588 1549 1616 J
1558 1596 1578 1616 o
1589 1584 1684 1626 seph
1693 1595 1712 1615 0
1748 1586 1779 1616 A
1789 1596 1828 1616 n-

583 1645 621 1669 to
632 1637 700 1669 nio
723 1638 747 1666 E
755 1646 774 1666 v
782 1646 796 1664 r
805 1645 820 1664 a
829 1645 843 1664 r
854 1633 872 1663 d
881 1658 892 1673 ,
917 1633 1126 1665 Namurceusi
1139 1658 1147 1672 ‚
1173 1647 1232 1678 pro
1260 1639 1433 1671 Doctoratu
1457 1639 1642 1670 Medicinae.

396 1701 438 1731 24
461 1692 616 1723 Octobris.
661 1689 840 1721 Dissertatio
864 1685 905 1715 de
925 1686 1111 1729 Apoplexia
1122 1711 1131 1726 ‚
1164 1688 1290 1721 defensa
1313 1691 1352 1722 ab
1375 1695 1398 1723 A
1412 1703 1431 1723 u
1440 1703 1488 1734 gu
1499 1691 1583 1722 stin
1594 1702 1614 1722 o
1645 1692 1656 1721 J
1669 1701 1689 1721 0
1699 1700 1713 1721 s
1721 1702 1766 1734 ep
1776 1691 1798 1722 h
1806 1703 1827 1723 o

364 1783 367 1788 A
580 1746 608 1775 D
619 1755 640 1773 u
651 1749 685 1772 tr
694 1752 713 1771 o
721 1746 783 1776 nt,
808 1737 1045 1770 Bellomontano
1054 1762 1062 1778 ‚
1086 1751 1143 1783 pro
1160 1742 1330 1774 Doctoratu
1346 1744 1531 1775 Medicinae.

398 1797 439 1828 26
463 1796 616 1828 Octobris.
669 1794 852 1827 Dissertatio
889 1791 929 1821 de
967 1791 1118 1821 Morbillss
1135 1815 1145 1833 ,
1180 1793 1304 1826 defensa
1340 1795 1379 1826 ab
1417 1797 1447 1826 A
1458 1807 1479 1826 n
1491 1802 1530 1826 to
1541 1795 1611 1826 nio
1645 1797 1662 1827 J
1671 1796 1827 1839 osepho

582 1851 602 1878 S
612 1859 628 1879 c
637 1849 675 1878 re
685 1857 728 1877 ve
739 1869 749 1883 ,
771 1855 810 1875 ex
827 1841 940 1873 Meslin
958 1841 1103 1885 l’Echue
1121 1845 1153 1876 in
1165 1846 1336 1877 Harmonia
1347 1870 1355 1885 ‚
1374 1858 1431 1890 pro
1447 1850 1620 1879 Doctoratu
1634 1847 1824 1881 Medicinae.

415 1899 437 1932 6
461 1900 659 1934 Novembris,
706 1894 888 1929 Dissertatio
920 1893 960 1924 de
995 1895 1116 1927 Cancro
1147 1900 1361 1929 Mammaram
1373 1923 1380 1936 ‚
1411 1898 1537 1931 defensa
1566 1911 1584 1932 a
1610 1902 1636 1932 L
1645 1911 1688 1933 eo
1697 1912 1718 1932 n
1728 1911 1743 1931 a
1751 1900 1794 1932 rd
1805 1911 1825 1931 0

577 1953 618 1984 .W
627 1953 722 1982 inan
733 1949 753 1980 cl
765 1973 773 1989 ,
797 1945 1021 1988 Nauium-ensi,
1047 1959 1103 1989 pro
1120 1952 1293 1984 Doctoratu
1310 1952 1494 1985 Mediomae.

1713 2015 1735 2048 7
1760 2008 1821 2036 ⁴No.
