1960 2500
365 194 413 227 50
804 178 839 215 J.
901 183 1028 214 vin
1085 176 1426 218 VOO'RS'I'

359 285 466 323 Deus
495 282 532 318 in
560 280 678 328 ipsius
705 276 899 326 perniciem
930 277 1120 315 convertit.
1180 278 1367 315 Nimirum
1392 284 1500 316 vento
1530 278 1682 315 excitato
1701 287 1886 324 vastatore

359 357 426 397 per
472 351 584 380 totam
632 338 760 376 urbem
805 339 981 376 latissime
1020 346 1201 388 patentem
1243 340 1419 377 horribile
1452 341 1616 389 pervasit
1653 342 1885 391 incendium,

364 405 461 458 quod
485 416 562 439 eam
594 403 804 440 universam
833 402 927 438 intra
949 413 1088 449 paucos
1113 401 1190 438 dies
1211 401 1390 439 destruxit
1414 411 1447 439 et
1464 402 1635 451 perdidit.
1689 405 1721 439 E
1739 405 1887 443 dirissi-

362 478 423 504 mo
440 478 527 502 vero
547 465 617 500 hoc
632 464 712 513 ipso
723 464 894 500 Moscuae
911 463 1076 500 incendio
1095 463 1274 500 libertatis
1289 465 1460 516 Europae
1479 465 1615 500 alluxit
1632 477 1779 502 aurora.
1804 470 1818 516 (
1831 468 1880 514 2)

361 530 404 567 In
429 529 566 565 cineres
598 539 772 563 conversa
805 526 896 562 urbe
919 525 1103 562 militibus
1135 526 1281 573 victus,
1311 528 1414 577 equis
1439 526 1638 576 pabulum,
1668 540 1743 563 uno
1771 528 1888 566 verbo
1927 569 1930 573 .

365 590 568 627 desiderata
595 589 727 626 desunt
758 589 890 625 omnia.
942 589 1112 637 Ipsarum
1139 589 1342 625 cohortium
1369 590 1599 626 Gallicarum
1625 591 1829 638 petulantia
1851 598 1886 630 et

364 652 550 690 vindictae
571 652 773 700 cupiditas,
796 651 1012 701 spoliando,
1031 651 1203 688 violando
1218 679 1230 697 ,
1259 651 1504 699 demoliendo,
1525 661 1558 689 et
1573 654 1716 689 omnino
1732 666 1801 701 pro
1827 665 1894 689 ar-

363 712 473 750 bitrio
494 714 710 760 saeviendo,
739 713 1045 750 luctuosissimam
1069 713 1210 750 cladem
1234 714 1354 750 multo
1378 715 1494 764 magis
1511 715 1696 750 exitialem
1711 714 1887 753 reddidit.

364 777 452 821 Quo
468 776 605 812 sactum
628 783 705 821 est,
722 784 762 811 ut
779 776 908 813 victori
927 776 1054 811 nullus
1072 776 1221 812 omnino
1238 777 1412 813 victoriae
1436 777 1704 826 relinqueretur
1726 777 1888 814 fructus&

362 838 492 887 ltaque
511 850 583 873 non
613 837 733 873 solum
754 837 800 874 ab
832 851 873 873 ea
891 838 1142 886 persequenda
1167 839 1341 876 desistere
1368 839 1529 889 cogitur,
1559 840 1622 875 sed
1644 839 1687 875 de
1709 839 1788 874 suis
1808 839 1888 886 ipse

364 899 476 935 rebus
502 900 547 936 ad
572 899 856 947 desperationem
879 911 998 947 usque
1029 900 1232 947 sollicitus,
1261 910 1295 938 et
1320 902 1417 938 omni
1437 909 1540 950 parte
1561 900 1778 950 impedita-5,
1805 905 1889 948 post

363 961 656 997 molestissimam
674 962 784 995 unius
802 961 937 996 mensis
955 968 988 995 et
1004 973 1202 1008 paucorum
1212 961 1364 999 ‘dierum
1382 976 1544 1009 moram,
1566 963 1707 998 frustra
1726 963 1812 1010 plus
1833 973 1892 996 se·-

362 1022 433 1056 met
453 1019 575 1056 missis
593 1020 638 1055 de
654 1022 881 1070 pacelegatis
890 1049 902 1066 ,
923 1021 988 1057 vix
1007 1021 1141 1057 evadit.
1176 1022 1220 1056 ln
1237 1023 1363 1071 fugam
1380 1032 1462 1059 ante
1479 1025 1662 1071 conjectae
1682 1025 1892 1063 Russorum

365 1082 527 1118 cohortes
542 1089 575 1118 et
586 1083 708 1131 copiae
722 1082 1035 1128 voluntariorum,
1046 1083 1169 1131 magni
1179 1083 1299 1120 Ducis
1310 1085 1558 1121 exhortatione
1576 1093 1609 1120 et
1620 1085 1786 1132 exemplo
1799 1084 1895 1121 inci-

363 1153 459 1181 tatae
469 1172 481 1190 ‚
502 1144 640 1180 animos
659 1145 860 1193 recipiunt,
878 1152 911 1180 et
928 1144 1036 1194 quasi
1054 1157 1149 1181 nova
1169 1146 1245 1182 vita
1264 1146 1417 1182 donatae
1435 1147 1633 1182 exercitum
1647 1145 1756 1181 modo
1771 1145 1891 1181 victo-

364 1217 461 1252 rem,
478 1219 572 1242 nunc
588 1214 689 1256 terga
706 1215 902 1244 vertentem
913 1234 927 1253 ‚
939 1207 1208 1256 insequuntur,
1227 1207 1478 1254 confundunt,
1501 1208 1675 1256 dejiciunt
1688 1235 1701 1253 ‚
1722 1206 1894 1244 caedunt:

363 1266 524 1313 Milites,
553 1268 648 1304 duro
676 1277 757 1305 ante
784 1278 893 1319 atque
920 1269 1055 1306 invicto
1081 1270 1222 1316 animo,
1248 1270 1324 1318 jam
1352 1272 1572 1307 consternati
1602 1281 1727 1306 omnes
1747 1277 1782 1305 et
1807 1279 1892 1317 perv

365 1328 527 1375 turbati,
554 1338 586 1366 et
606 1343 672 1367 sua
697 1332 767 1379 ipsi
789 1333 930 1380 spolia,
960 1339 993 1367 et
1012 1332 1110 1380 quod
1135 1341 1299 1381 superest
1320 1345 1506 1369 armorum
1532 1341 1566 1369 et
1591 1332 1843 1376 sarcinarum,
1870 1342 1893 1366 a

365 1398 467 1439 tergo
492 1392 716 1440 relinquunt.
774 1393 894 1430 Multa
916 1394 1106 1430 hominum
1125 1395 1242 1431 millia
1254 1422 1266 1440 ,
1295 1395 1458 1444 frigore,
1485 1395 1580 1430 fame
1599 1402 1632 1430 et
1651 1393 1769 1430 omnis
1785 1403 1895 1440 gene·

368 1452 419 1487 ris
442 1454 626 1489 aerumnis
652 1468 759 1504 quam
785 1457 942 1493 maxime
958 1456 1152 1492 horrendis
1172 1458 1401 1502 excruciata,
1428 1457 1618 1493 concidunt
1648 1464 1681 1491 ct
1697 1456 1896 1491 intereunt.⁸

368 1513 468 1549 Intra
506 1516 613 1550 trium
659 1519 836 1553 mensium
882 1519 1041 1566 spatium
1080 1525 1179 1553 totus
1220 1518 1296 1554 fere
1340 1520 1500 1555 militum
1542 1517 1891 1567 quadringentorum

369 1575 528 1611 millium
556 1578 696 1613 deletur
725 1580 915 1615 exercitus.
969 1581 1088 1628 igitur
1116 1591 1449 1626 ALEXAND-ER,
1476 1580 1550 1616 Dei
1576 1578 1718 1626 Optimi
1739 1573 1895 1612 Maximi

370 1635 496 1672 favore
526 1646 559 1673 et
586 1640 727 1675 auxilio
748 1640 886 1687 frctus,
914 1653 984 1676 non
1008 1641 1285 1677 'subsistendum
1306 1651 1448 1689 censet3
1477 1654 1570 1677 anno
1590 1641 1736 1675 ineu-nte
1756 1638 1897 1674 decimo

372 1698 477 1732 tertio
505 1700 694 1748 Principes
731 1715 853 1737 omnes
878 1704 1107 1752 populosque
1136 1717 1328 1752 oppressos
1359 1705 1405 1741 ad
1424 1717 1500 1740 rem
1521 1699 1883 1739 communemviudi-

374 1759 523 1795 eandam
554 1762 715 1810 invocat,
755 1772 788 1800 et
817 1765 934 1800 literis
963 1765 1124 1813 publicis
1151 1767 1408 1802 humanissime
1441 1766 1571 1802 invitat
1601 1773 1634 1800 et
1660 1759 1894 1812 gravissimis

373 1821 572 1858 rationibus
597 1823 783 1870 hortatur,
813 1834 852 1861 ut
871 1839 992 1862 secum
1021 1836 1054 1864 et
1080 1829 1188 1864 sociis
1214 1830 1400 1864 Britannis
1427 1829 1633 1876 pactionem
1650 1826 1783 1861 ineant.
1812 1821 1890 1872 (5)

372 1881 546 1919 Omnium
565 1887 670 1933 primi
687 1887 885 1923 Borussiae
905 1897 938 1923 et
961 1890 1111 1925 Sueciae
1140 1891 1262 1940 Reges
1291 1889 1358 1925 sub
1382 1891 1474 1926 idem
1502 1891 1577 1925 fere
1598 1897 1738 1936 tempus
1764 1887 1888 1922 dexte-

372 1954 431 1978 ras
455 1947 666 1995 porrigunt,
697 1957 730 1985 et
753 1950 948 1986 Gallorum
972 1952 1112 1998 ejurata
1137 1954 1329 1997 socictate,
1358 1951 1537 2000 quidquid
1555 1952 1739 2000 reliquum
1755 1946 1889 1985 habent

369 2004 524 2054 virium,
550 2022 630 2047 cum
654 2010 864 2049 Russorum
889 2013 1000 2049 armis
1024 2013 1195 2062 jungunt.
1243 2015 1400 2065 Aliquot
1417 2014 1605 2051 mensibus
1621 2007 1888 2061 postAustriao

1793 2080 1887 2118 quo-
