<?xml version="1.0" encoding="UTF-8"?>
<!DOCTYPE html PUBLIC "-//W3C//DTD XHTML 1.0 Transitional//EN"
    "http://www.w3.org/TR/xhtml1/DTD/xhtml1-transitional.dtd">
<html xmlns="http://www.w3.org/1999/xhtml" xml:lang="en" lang="en">
 <head>
  <title>
</title>
<meta http-equiv="Content-Type" content="text/html;charset=utf-8" />
  <meta name='ocr-system' content='tesseract 3.04.00' />
  <meta name='ocr-capabilities' content='ocr_page ocr_carea ocr_par ocr_line ocrx_word'/>
</head>
<body>
  <div class='ocr_page' id='page_1' title='image "annalesacademiae16rijk_0567.png"; bbox 0 0 1940 2474; ppageno 0'>
   <div class='ocr_carea' id='block_1_1' title="bbox 480 156 1696 210">
    <p class='ocr_par' dir='ltr' id='par_1_1' title="bbox 480 156 1696 210">
     <span class='ocr_line' id='line_1_1' title="bbox 480 156 1696 210; baseline -0.003 -18"><span class='ocrx_word' id='word_1_1' title='bbox 480 156 1046 193; x_wconf 63' lang='grc' dir='ltr'>’ῦοΜΜΕΝΤΑΤῙο</span> <span class='ocrx_word' id='word_1_2' title='bbox 1098 158 1383 198; x_wconf 58' lang='lat' dir='ltr'>mianton:</span> <span class='ocrx_word' id='word_1_3' title='bbox 1651 167 1696 210; x_wconf 55' lang='grc' dir='ltr'>η</span> 
     </span>
    </p>
   </div>
   <div class='ocr_carea' id='block_1_2' title="bbox 143 246 1688 1865">
    <p class='ocr_par' dir='ltr' id='par_1_2' title="bbox 173 246 1688 336">
     <span class='ocr_line' id='line_1_2' title="bbox 177 246 1688 284; baseline 0.003 -7"><span class='ocrx_word' id='word_1_4' title='bbox 177 246 378 284; x_wconf 78' lang='lat' dir='ltr'>oxydationem</span> <span class='ocrx_word' id='word_1_5' title='bbox 401 247 566 284; x_wconf 78' lang='lat' dir='ltr'>patiuntur,</span> <span class='ocrx_word' id='word_1_6' title='bbox 596 248 664 277; x_wconf 86' lang='lat' dir='ltr'>dum</span> <span class='ocrx_word' id='word_1_7' title='bbox 687 248 750 283; x_wconf 84' lang='lat' dir='ltr'>ipsa</span> <span class='ocrx_word' id='word_1_8' title='bbox 777 254 883 275; x_wconf 83' lang='lat' dir='ltr'>venena</span> <span class='ocrx_word' id='word_1_9' title='bbox 907 246 1032 276; x_wconf 88' lang='lat' dir='ltr'><strong>indolem</strong></span> <span class='ocrx_word' id='word_1_10' title='bbox 1054 248 1142 283; x_wconf 89' lang='lat' dir='ltr'>plane</span> <span class='ocrx_word' id='word_1_11' title='bbox 1165 254 1287 277; x_wconf 86' lang='lat' dir='ltr'>mutant.</span> <span class='ocrx_word' id='word_1_12' title='bbox 1328 248 1498 279; x_wconf 85' lang='lat' dir='ltr'>Chemicam</span> <span class='ocrx_word' id='word_1_13' title='bbox 1518 257 1581 282; x_wconf 81' lang='lat' dir='ltr'>esse</span> <span class='ocrx_word' id='word_1_14' title='bbox 1599 250 1688 284; x_wconf 80' lang='lat' dir='ltr'>act&#39;io-</span> 
     </span>
     <span class='ocr_line' id='line_1_3' title="bbox 173 299 666 336; baseline 0 -9"><span class='ocrx_word' id='word_1_15' title='bbox 173 306 237 327; x_wconf 83' lang='lat' dir='ltr'>nem</span> <span class='ocrx_word' id='word_1_16' title='bbox 259 299 360 328; x_wconf 90' lang='lat' dir='ltr'>horum</span> <span class='ocrx_word' id='word_1_17' title='bbox 381 308 555 329; x_wconf 87' lang='lat' dir='ltr'>venenorum</span> <span class='ocrx_word' id='word_1_18' title='bbox 573 306 666 336; x_wconf 75' lang='lat' dir='ltr'>patet:</span> 
     </span>
    </p>

    <p class='ocr_par' dir='ltr' id='par_1_3' title="bbox 164 349 1688 438">
     <span class='ocr_line' id='line_1_4' title="bbox 204 349 1688 394; baseline 0.005 -17"><span class='ocrx_word' id='word_1_19' title='bbox 204 349 233 377; x_wconf 34' lang='lat'>¹1.</span> <span class='ocrx_word' id='word_1_20' title='bbox 256 350 630 386; x_wconf 40' lang='lat' dir='ltr'>‹Inspectione*cadaverum</span> <span class='ocrx_word' id='word_1_21' title='bbox 661 349 795 384; x_wconf 81' lang='lat' dir='ltr'>illorum,</span> <span class='ocrx_word' id='word_1_22' title='bbox 825 350 876 385; x_wconf 82' lang='lat' dir='ltr'>qui</span> <span class='ocrx_word' id='word_1_23' title='bbox 907 349 1088 379; x_wconf 80' lang='lat' dir='ltr'>atrocissimo</span> <span class='ocrx_word' id='word_1_24' title='bbox 1116 358 1228 380; x_wconf 74' lang='lat' dir='ltr'>veneno</span> <span class='ocrx_word' id='word_1_25' title='bbox 1254 351 1406 388; x_wconf 75' lang='lat' dir='ltr'>&lt;ai-senice</span> <span class='ocrx_word' id='word_1_26' title='bbox 1436 357 1560 394; x_wconf 81' lang='lat' dir='ltr'>nempe)</span> <span class='ocrx_word' id='word_1_27' title='bbox 1587 362 1688 392; x_wconf 78' lang='lat' dir='ltr'>supi-e·-</span> 
     </span>
     <span class='ocr_line' id='line_1_5' title="bbox 164 401 1032 438; baseline 0.002 -10"><span class='ocrx_word' id='word_1_28' title='bbox 164 407 248 429; x_wconf 80' lang='lat' dir='ltr'>-tnum</span> <span class='ocrx_word' id='word_1_29' title='bbox 267 401 362 430; x_wconf 90' lang='lat' dir='ltr'>obiere</span> <span class='ocrx_word' id='word_1_30' title='bbox 384 402 468 430; x_wconf 90' lang='lat' dir='ltr'>diem.</span> <span class='ocrx_word' id='word_1_31' title='bbox 511 401 597 429; x_wconf 89' lang='lat' dir='ltr'>Tunc</span> <span class='ocrx_word' id='word_1_32' title='bbox 614 401 692 430; x_wconf 81' lang='lat' dir='ltr'>enim</span> <span class='ocrx_word' id='word_1_33' title='bbox 715 408 850 438; x_wconf 82' lang='lat' dir='ltr'><strong>apparent</strong></span> <span class='ocrx_word' id='word_1_34' title='bbox 868 401 1032 437; x_wconf 80' lang='lat' dir='ltr'>sequentia:</span> 
     </span>
    </p>

    <p class='ocr_par' dir='ltr' id='par_1_4' title="bbox 211 452 1686 600">
     <span class='ocr_line' id='line_1_6' title="bbox 211 452 1686 496; baseline 0.006 -16"><span class='ocrx_word' id='word_1_35' title='bbox 211 452 255 481; x_wconf 88' lang='lat' dir='ltr'>.A.</span> <span class='ocrx_word' id='word_1_36' title='bbox 285 453 375 491; x_wconf 87' lang='lat' dir='ltr'>Quod</span> <span class='ocrx_word' id='word_1_37' title='bbox 398 462 535 482; x_wconf 70' lang='lat' dir='ltr'>venenam</span> <span class='ocrx_word' id='word_1_38' title='bbox 556 452 676 488; x_wconf 80' lang='lat' dir='ltr'>attinet,</span> <span class='ocrx_word' id='word_1_39' title='bbox 705 453 760 481; x_wconf 87' lang='lat' dir='ltr'>hoc</span> <span class='ocrx_word' id='word_1_40' title='bbox 785 452 814 481; x_wconf 89' lang='lat' dir='ltr'>in</span> <span class='ocrx_word' id='word_1_41' title='bbox 833 459 939 481; x_wconf 81' lang='lat' dir='ltr'>statum</span> <span class='ocrx_word' id='word_1_42' title='bbox 964 453 1136 482; x_wconf 85' lang='lat' dir='ltr'>metallicum</span> <span class='ocrx_word' id='word_1_43' title='bbox 1162 453 1305 483; x_wconf 85' lang='lat' dir='ltr'>redactum</span> <span class='ocrx_word' id='word_1_44' title='bbox 1326 455 1472 486; x_wconf 83' lang='lat' dir='ltr'>intestinis</span> <span class='ocrx_word' id='word_1_45' title='bbox 1501 458 1601 487; x_wconf 89' lang='lat' dir='ltr'>aliisve</span> <span class='ocrx_word' id='word_1_46' title='bbox 1617 463 1686 496; x_wconf 73' lang='lat' dir='ltr'>,par-</span> 
     </span>
     <span class='ocr_line' id='line_1_7' title="bbox 284 503 1685 540; baseline 0.006 -8"><span class='ocrx_word' id='word_1_47' title='bbox 284 504 363 532; x_wconf 82' lang='lat' dir='ltr'>tibus</span> <span class='ocrx_word' id='word_1_48' title='bbox 388 503 531 532; x_wconf 82' lang='lat' dir='ltr'>cadaveris</span> <span class='ocrx_word' id='word_1_49' title='bbox 557 503 700 540; x_wconf 79' lang='lat' dir='ltr'>inhaeret,</span> <span class='ocrx_word' id='word_1_50' title='bbox 730 504 773 533; x_wconf 88' lang='lat' dir='ltr'>uti</span> <span class='ocrx_word' id='word_1_51' title='bbox 801 503 963 540; x_wconf 87' lang='lat' dir='ltr'>frequenter</span> <span class='ocrx_word' id='word_1_52' title='bbox 988 504 1148 533; x_wconf 83' lang='lat' dir='ltr'>arsenicum</span> <span class='ocrx_word' id='word_1_53' title='bbox 1177 505 1244 534; x_wconf 80' lang='lat' dir='ltr'>mite</span> <span class='ocrx_word' id='word_1_54' title='bbox 1269 505 1298 535; x_wconf 90' lang='lat' dir='ltr'>in</span> <span class='ocrx_word' id='word_1_55' title='bbox 1324 508 1488 538; x_wconf 56' lang='lat' dir='ltr'>&gt;ventriculo</span> <span class='ocrx_word' id='word_1_56' title='bbox 1512 509 1685 540; x_wconf 75' lang='lat' dir='ltr'>miserorum</span> 
     </span>
     <span class='ocr_line' id='line_1_8' title="bbox 284 555 1124 600; baseline 0.004 -18"><span class='ocrx_word' id='word_1_57' title='bbox 284 555 433 584; x_wconf 73' lang='lat' dir='ltr'>inventum</span> <span class='ocrx_word' id='word_1_58' title='bbox 458 555 561 583; x_wconf 56' lang='lat' dir='ltr'>docet:</span> <span class='ocrx_word' id='word_1_59' title='bbox 1118 592 1124 600; x_wconf 24' lang='grc' dir='ltr'>ἱ</span> 
     </span>
    </p>

    <p class='ocr_par' dir='ltr' id='par_1_5' title="bbox 208 603 1685 746">
     <span class='ocr_line' id='line_1_9' title="bbox 208 603 1680 645; baseline 0.005 -11"><span class='ocrx_word' id='word_1_60' title='bbox 208 603 246 634; x_wconf 73' lang='grc' dir='ltr'>Β.</span> <span class='ocrx_word' id='word_1_61' title='bbox 275 606 364 643; x_wconf 66' lang='lat' dir='ltr'>Quod</span> <span class='ocrx_word' id='word_1_62' title='bbox 379 613 482 645; x_wconf 75' lang='lat' dir='ltr'>partes</span> <span class='ocrx_word' id='word_1_63' title='bbox 504 607 657 644; x_wconf 78' lang='lat' dir='ltr'>organicas</span> <span class='ocrx_word' id='word_1_64' title='bbox 675 606 792 642; x_wconf 65' lang='lat' dir='ltr'>attinet,</span> <span class='ocrx_word' id='word_1_65' title='bbox 814 607 866 635; x_wconf 88' lang='lat' dir='ltr'>hae</span> <span class='ocrx_word' id='word_1_66' title='bbox 889 604 985 634; x_wconf 87' lang='lat' dir='ltr'>ubivis</span> <span class='ocrx_word' id='word_1_67' title='bbox 1007 605 1036 634; x_wconf 89' lang='lat' dir='ltr'>in</span> <span class='ocrx_word' id='word_1_68' title='bbox 1054 606 1147 642; x_wconf 81' lang='lat' dir='ltr'>locis,</span> <span class='ocrx_word' id='word_1_69' title='bbox 1170 615 1242 643; x_wconf 87' lang='lat' dir='ltr'>quae</span> <span class='ocrx_word' id='word_1_70' title='bbox 1265 616 1331 638; x_wconf 82' lang='lat' dir='ltr'>cum</span> <span class='ocrx_word' id='word_1_71' title='bbox 1353 618 1463 639; x_wconf 88' lang='lat' dir='ltr'>veneno</span> <span class='ocrx_word' id='word_1_72' title='bbox 1487 611 1516 639; x_wconf 87' lang='lat' dir='ltr'>ln</span> <span class='ocrx_word' id='word_1_73' title='bbox 1542 618 1680 642; x_wconf 86' lang='lat' dir='ltr'>attactum</span> 
     </span>
     <span class='ocr_line' id='line_1_10' title="bbox 278 657 1685 698; baseline 0.004 -13"><span class='ocrx_word' id='word_1_74' title='bbox 278 658 425 693; x_wconf 86' lang='lat' dir='ltr'>venerint,</span> <span class='ocrx_word' id='word_1_75' title='bbox 451 659 586 687; x_wconf 86' lang='lat' dir='ltr'>distincta</span> <span class='ocrx_word' id='word_1_76' title='bbox 607 658 811 688; x_wconf 74' lang='lat' dir='ltr'>dISsolutionis</span> <span class='ocrx_word' id='word_1_77' title='bbox 839 657 993 695; x_wconf 83' lang='lat' dir='ltr'>organismi</span> <span class='ocrx_word' id='word_1_78' title='bbox 1014 657 1095 694; x_wconf 80' lang='lat' dir='ltr'>signa</span> <span class='ocrx_word' id='word_1_79' title='bbox 1113 666 1181 694; x_wconf 79' lang='lat' dir='ltr'>prae</span> <span class='ocrx_word' id='word_1_80' title='bbox 1193 667 1231 688; x_wconf 87' lang='lat' dir='ltr'>-se</span> <span class='ocrx_word' id='word_1_81' title='bbox 1254 659 1362 689; x_wconf 87' lang='lat' dir='ltr'>ferunt.</span> <span class='ocrx_word' id='word_1_82' title='bbox 1411 661 1507 698; x_wconf 90' lang='lat' dir='ltr'>Hujus</span> <span class='ocrx_word' id='word_1_83' title='bbox 1529 662 1685 691; x_wconf 74' lang='lat' dir='ltr'>assumtio-¹</span> 
     </span>
     <span class='ocr_line' id='line_1_11' title="bbox 270 709 764 746; baseline 0.004 -10"><span class='ocrx_word' id='word_1_84' title='bbox 270 709 323 737; x_wconf 62' lang='lat' dir='ltr'>&gt;nis</span> <span class='ocrx_word' id='word_1_85' title='bbox 349 709 452 738; x_wconf 90' lang='lat' dir='ltr'>veritas</span> <span class='ocrx_word' id='word_1_86' title='bbox 473 710 592 739; x_wconf 84' lang='lat' dir='ltr'>ulterius</span> <span class='ocrx_word' id='word_1_87' title='bbox 614 710 764 746; x_wconf 87' lang='lat' dir='ltr'>probatur.</span> 
     </span>
    </p>

    <p class='ocr_par' dir='ltr' id='par_1_6' title="bbox 147 758 1682 1357">
     <span class='ocr_line' id='line_1_12' title="bbox 199 758 1680 800; baseline 0.004 -13"><span class='ocrx_word' id='word_1_88' title='bbox 199 758 236 787; x_wconf 87' lang='lat' dir='ltr'>H.</span> <span class='ocrx_word' id='word_1_89' title='bbox 266 759 486 789; x_wconf 83' lang='lat' dir='ltr'>Medicamentis</span> <span class='ocrx_word' id='word_1_90' title='bbox 515 761 654 789; x_wconf 89' lang='lat' dir='ltr'>antidotis</span> <span class='ocrx_word' id='word_1_91' title='bbox 679 762 759 797; x_wconf 75' lang='lat'>(33)</span> <span class='ocrx_word' id='word_1_92' title='bbox 776 781 786 795; x_wconf 83' lang='lat'>,</span> <span class='ocrx_word' id='word_1_93' title='bbox 817 766 889 796; x_wconf 77' lang='lat' dir='ltr'>quae</span> <span class='ocrx_word' id='word_1_94' title='bbox 914 767 1024 796; x_wconf 87' lang='lat' dir='ltr'>semper</span> <span class='ocrx_word' id='word_1_95' title='bbox 1053 760 1120 788; x_wconf 87' lang='lat' dir='ltr'>talia</span> <span class='ocrx_word' id='word_1_96' title='bbox 1141 767 1227 796; x_wconf 83' lang='lat' dir='ltr'>sunt,</span> <span class='ocrx_word' id='word_1_97' title='bbox 1258 767 1332 797; x_wconf 83' lang='lat' dir='ltr'>quae</span> <span class='ocrx_word' id='word_1_98' title='bbox 1354 764 1488 800; x_wconf 81' lang='lat' dir='ltr'>majorem</span> <span class='ocrx_word' id='word_1_99' title='bbox 1515 764 1680 794; x_wconf 78' lang='lat' dir='ltr'>affinitatem</span> 
     </span>
     <span class='ocr_line' id='line_1_13' title="bbox 155 809 1679 851; baseline 0.004 -13"><span class='ocrx_word' id='word_1_100' title='bbox 155 809 268 838; x_wconf 64' lang='lat' dir='ltr'>vhabent</span> <span class='ocrx_word' id='word_1_101' title='bbox 287 819 363 839; x_wconf 84' lang='lat' dir='ltr'>-cum</span> <span class='ocrx_word' id='word_1_102' title='bbox 398 811 493 839; x_wconf 88' lang='lat' dir='ltr'>noxiis</span> <span class='ocrx_word' id='word_1_103' title='bbox 527 811 679 847; x_wconf 82' lang='lat' dir='ltr'>principiis</span> <span class='ocrx_word' id='word_1_104' title='bbox 712 819 913 846; x_wconf 75' lang='lat' dir='ltr'>venenorum,</span> <span class='ocrx_word' id='word_1_105' title='bbox 945 820 1028 847; x_wconf 88' lang='lat' dir='ltr'>quam</span> <span class='ocrx_word' id='word_1_106' title='bbox 1058 818 1101 840; x_wconf 85' lang='lat' dir='ltr'>est</span> <span class='ocrx_word' id='word_1_107' title='bbox 1133 812 1206 840; x_wconf 88' lang='lat' dir='ltr'>inter</span> <span class='ocrx_word' id='word_1_108' title='bbox 1238 813 1306 841; x_wconf 78' lang='lat' dir='ltr'>haec</span> <span class='ocrx_word' id='word_1_109' title='bbox 1337 820 1368 848; x_wconf 64' lang='lat' dir='ltr'>et:&gt;</span> <span class='ocrx_word' id='word_1_110' title='bbox 1392 821 1486 850; x_wconf 84' lang='lat' dir='ltr'>partes</span> <span class='ocrx_word' id='word_1_111' title='bbox 1517 815 1679 851; x_wconf 68' lang='lat' dir='ltr'>organicas.</span> 
     </span>
     <span class='ocr_line' id='line_1_14' title="bbox 157 859 1680 904; baseline 0.004 -15"><span class='ocrx_word' id='word_1_112' title='bbox 157 859 297 889; x_wconf 78' lang='lat' dir='ltr'>Elucebit</span> <span class='ocrx_word' id='word_1_113' title='bbox 322 862 441 898; x_wconf 68' lang='lat' dir='ltr'>exinde⁷</span> <span class='ocrx_word' id='word_1_114' title='bbox 471 862 630 890; x_wconf 84' lang='lat' dir='ltr'>secundum</span> <span class='ocrx_word' id='word_1_115' title='bbox 660 862 775 889; x_wconf 89' lang='lat' dir='ltr'>illorum</span> <span class='ocrx_word' id='word_1_116' title='bbox 802 862 992 897; x_wconf 79' lang='lat' dir='ltr'>opinionem,</span> <span class='ocrx_word' id='word_1_117' title='bbox 1019 871 1072 890; x_wconf 87' lang='lat' dir='ltr'>cur</span> <span class='ocrx_word' id='word_1_118' title='bbox 1091 862 1246 897; x_wconf 84' lang='lat' dir='ltr'>aliquando</span> <span class='ocrx_word' id='word_1_119' title='bbox 1271 863 1349 892; x_wconf 88' lang='lat' dir='ltr'>felici</span> <span class='ocrx_word' id='word_1_120' title='bbox 1371 865 1482 894; x_wconf 85' lang='lat' dir='ltr'>medico</span> <span class='ocrx_word' id='word_1_121' title='bbox 1510 866 1680 904; x_wconf 73' lang='lat' dir='ltr'>contingat,</span> 
     </span>
     <span class='ocr_line' id='line_1_15' title="bbox 159 912 1682 949; baseline 0.005 -10"><span class='ocrx_word' id='word_1_122' title='bbox 159 919 212 947; x_wconf 83' lang='lat' dir='ltr'>per</span> <span class='ocrx_word' id='word_1_123' title='bbox 233 913 424 948; x_wconf 72' lang='lat' dir='ltr'>sulphur-eta,</span> <span class='ocrx_word' id='word_1_124' title='bbox 447 918 474 940; x_wconf 86' lang='lat' dir='ltr'>et</span> <span class='ocrx_word' id='word_1_125' title='bbox 491 913 536 941; x_wconf 86' lang='lat' dir='ltr'>vel</span> <span class='ocrx_word' id='word_1_126' title='bbox 550 921 610 949; x_wconf 84' lang='lat' dir='ltr'>·per</span> <span class='ocrx_word' id='word_1_127' title='bbox 633 912 739 940; x_wconf 89' lang='lat' dir='ltr'>ferrum</span> <span class='ocrx_word' id='word_1_128' title='bbox 759 913 986 948; x_wconf 81' lang='lat' dir='ltr'>pulverisatum‚</span> <span class='ocrx_word' id='word_1_129' title='bbox 1008 912 1207 942; x_wconf 83' lang='lat' dir='ltr'>atrocissimos</span> <span class='ocrx_word' id='word_1_130' title='bbox 1231 915 1352 944; x_wconf 88' lang='lat' dir='ltr'>arsenici</span> <span class='ocrx_word' id='word_1_131' title='bbox 1376 916 1433 944; x_wconf 86' lang='lat' dir='ltr'>albi</span> <span class='ocrx_word' id='word_1_132' title='bbox 1460 916 1578 945; x_wconf 83' lang='lat' dir='ltr'>effectus</span> <span class='ocrx_word' id='word_1_133' title='bbox 1602 925 1682 945; x_wconf 87' lang='lat' dir='ltr'>com-</span> 
     </span>
     <span class='ocr_line' id='line_1_16' title="bbox 151 961 1681 1003; baseline 0.004 -14"><span class='ocrx_word' id='word_1_134' title='bbox 151 969 291 998; x_wconf 60' lang='lat' dir='ltr'>pescereg</span> <span class='ocrx_word' id='word_1_135' title='bbox 315 963 459 999; x_wconf 80' lang='lat' dir='ltr'>elucebit,</span> <span class='ocrx_word' id='word_1_136' title='bbox 485 971 538 991; x_wconf 90' lang='lat' dir='ltr'>cur</span> <span class='ocrx_word' id='word_1_137' title='bbox 561 964 707 993; x_wconf 82' lang='lat' dir='ltr'>deleterias</span> <span class='ocrx_word' id='word_1_138' title='bbox 728 963 860 992; x_wconf 81' lang='lat' dir='ltr'>mercurii</span> <span class='ocrx_word' id='word_1_139' title='bbox 882 961 1032 992; x_wconf 86' lang='lat' dir='ltr'>sublimati</span> <span class='ocrx_word' id='word_1_140' title='bbox 1059 964 1200 994; x_wconf 81' lang='lat' dir='ltr'>corrosivi</span> <span class='ocrx_word' id='word_1_141' title='bbox 1221 965 1296 995; x_wconf 81' lang='lat' dir='ltr'>vires</span> <span class='ocrx_word' id='word_1_142' title='bbox 1325 975 1376 1003; x_wconf 85' lang='lat' dir='ltr'>per</span> <span class='ocrx_word' id='word_1_143' title='bbox 1405 967 1534 995; x_wconf 83' lang='lat' dir='ltr'>antidota</span> <span class='ocrx_word' id='word_1_144' title='bbox 1560 967 1681 996; x_wconf 85' lang='lat' dir='ltr'>adstrin-</span> 
     </span>
     <span class='ocr_line' id='line_1_17' title="bbox 155 1013 1681 1052; baseline 0.004 -11"><span class='ocrx_word' id='word_1_145' title='bbox 155 1013 235 1049; x_wconf 82' lang='lat' dir='ltr'>genti</span> <span class='ocrx_word' id='word_1_146' title='bbox 262 1014 410 1050; x_wconf 84' lang='lat' dir='ltr'>principio</span> <span class='ocrx_word' id='word_1_147' title='bbox 440 1014 610 1050; x_wconf 83' lang='lat' dir='ltr'>gaudentia,</span> <span class='ocrx_word' id='word_1_148' title='bbox 643 1023 669 1043; x_wconf 88' lang='lat' dir='ltr'>e.</span> <span class='ocrx_word' id='word_1_149' title='bbox 693 1024 721 1052; x_wconf 78' lang='lat' dir='ltr'>g.</span> <span class='ocrx_word' id='word_1_150' title='bbox 755 1015 891 1044; x_wconf 87' lang='lat' dir='ltr'>corticem</span> <span class='ocrx_word' id='word_1_151' title='bbox 919 1015 1129 1051; x_wconf 86' lang='lat' dir='ltr'>Peruvianum‚</span> <span class='ocrx_word' id='word_1_152' title='bbox 1158 1015 1315 1045; x_wconf 83' lang='lat' dir='ltr'>annihilare</span> <span class='ocrx_word' id='word_1_153' title='bbox 1341 1018 1386 1046; x_wconf 88' lang='lat' dir='ltr'>vel</span> <span class='ocrx_word' id='word_1_154' title='bbox 1407 1018 1510 1046; x_wconf 47' lang='lat' dir='ltr'>*saltem</span> <span class='ocrx_word' id='word_1_155' title='bbox 1539 1018 1681 1047; x_wconf 76' lang='lat' dir='ltr'>innocuas</span> 
     </span>
     <span class='ocr_line' id='line_1_18' title="bbox 152 1063 1678 1105; baseline 0.005 -14"><span class='ocrx_word' id='word_1_156' title='bbox 152 1063 270 1092; x_wconf 71' lang='lat' dir='ltr'>reddere</span> <span class='ocrx_word' id='word_1_157' title='bbox 290 1065 452 1101; x_wconf 90' lang='lat' dir='ltr'>possimus.</span> <span class='ocrx_word' id='word_1_158' title='bbox 492 1065 526 1094; x_wconf 84' lang='lat' dir='ltr'>In</span> <span class='ocrx_word' id='word_1_159' title='bbox 551 1072 676 1102; x_wconf 88' lang='lat' dir='ltr'>utroque</span> <span class='ocrx_word' id='word_1_160' title='bbox 695 1067 769 1095; x_wconf 89' lang='lat' dir='ltr'>enim</span> <span class='ocrx_word' id='word_1_161' title='bbox 790 1076 860 1096; x_wconf 86' lang='lat' dir='ltr'>casu</span> <span class='ocrx_word' id='word_1_162' title='bbox 886 1074 1043 1096; x_wconf 87' lang='lat' dir='ltr'>memorato</span> <span class='ocrx_word' id='word_1_163' title='bbox 1062 1067 1131 1096; x_wconf 78' lang='lat' dir='ltr'>salia</span> <span class='ocrx_word' id='word_1_164' title='bbox 1149 1066 1310 1096; x_wconf 87' lang='lat' dir='ltr'>formantur</span> <span class='ocrx_word' id='word_1_165' title='bbox 1328 1068 1438 1104; x_wconf 85' lang='lat' dir='ltr'>media,</span> <span class='ocrx_word' id='word_1_166' title='bbox 1460 1076 1511 1105; x_wconf 84' lang='lat' dir='ltr'>per</span> <span class='ocrx_word' id='word_1_167' title='bbox 1531 1069 1678 1099; x_wconf 82' lang='lat' dir='ltr'>electivam</span> 
     </span>
     <span class='ocr_line' id='line_1_19' title="bbox 151 1114 1679 1156; baseline 0.005 -14"><span class='ocrx_word' id='word_1_168' title='bbox 151 1114 308 1144; x_wconf 84' lang='lat' dir='ltr'>chemicam</span> <span class='ocrx_word' id='word_1_169' title='bbox 331 1117 502 1146; x_wconf 86' lang='lat' dir='ltr'>affinitatem.</span> <span class='ocrx_word' id='word_1_170' title='bbox 544 1117 578 1143; x_wconf 83' lang='lat' dir='ltr'>Iu</span> <span class='ocrx_word' id='word_1_171' title='bbox 605 1118 696 1156; x_wconf 73' lang='lat' dir='ltr'>priori</span> <span class='ocrx_word' id='word_1_172' title='bbox 721 1127 790 1147; x_wconf 70' lang='lat' dir='ltr'>casu</span> <span class='ocrx_word' id='word_1_173' title='bbox 815 1119 969 1156; x_wconf 87' lang='lat' dir='ltr'>(assumto</span> <span class='ocrx_word' id='word_1_174' title='bbox 998 1127 1101 1156; x_wconf 86' lang='lat' dir='ltr'>nempe</span> <span class='ocrx_word' id='word_1_175' title='bbox 1121 1119 1251 1148; x_wconf 76' lang='lat' dir='ltr'>arsenico</span> <span class='ocrx_word' id='word_1_176' title='bbox 1276 1119 1340 1147; x_wconf 90' lang='lat' dir='ltr'>albo</span> <span class='ocrx_word' id='word_1_177' title='bbox 1369 1125 1397 1148; x_wconf 88' lang='lat' dir='ltr'>et</span> <span class='ocrx_word' id='word_1_178' title='bbox 1425 1119 1492 1148; x_wconf 90' lang='lat' dir='ltr'>dato</span> <span class='ocrx_word' id='word_1_179' title='bbox 1519 1119 1595 1150; x_wconf 89' lang='lat' dir='ltr'>ferro</span> <span class='ocrx_word' id='word_1_180' title='bbox 1625 1128 1679 1149; x_wconf 88' lang='lat' dir='ltr'>ceu</span> 
     </span>
     <span class='ocr_line' id='line_1_20' title="bbox 152 1165 1677 1207; baseline 0.004 -13"><span class='ocrx_word' id='word_1_181' title='bbox 152 1166 309 1206; x_wconf 84' lang='lat' dir='ltr'>antidoto&gt;</span> <span class='ocrx_word' id='word_1_182' title='bbox 331 1169 453 1205; x_wconf 78' lang='lat' dir='ltr'>oxydum</span> <span class='ocrx_word' id='word_1_183' title='bbox 474 1167 615 1197; x_wconf 81' lang='lat' dir='ltr'>formatur</span> <span class='ocrx_word' id='word_1_184' title='bbox 624 1166 728 1202; x_wconf 75' lang='lat' dir='ltr'>ferri,</span> <span class='ocrx_word' id='word_1_185' title='bbox 750 1165 849 1195; x_wconf 85' lang='lat' dir='ltr'>relicto</span> <span class='ocrx_word' id='word_1_186' title='bbox 866 1171 1010 1199; x_wconf 75' lang='lat' dir='ltr'>merallico</span> <span class='ocrx_word' id='word_1_187' title='bbox 1025 1171 1070 1200; x_wconf 91' lang='lat' dir='ltr'>vel</span> <span class='ocrx_word' id='word_1_188' title='bbox 1089 1170 1151 1199; x_wconf 84' lang='lat' dir='ltr'>miti</span> <span class='ocrx_word' id='word_1_189' title='bbox 1173 1169 1314 1199; x_wconf 66' lang='lat' dir='ltr'>arsenico„</span> <span class='ocrx_word' id='word_1_190' title='bbox 1355 1171 1388 1199; x_wconf 88' lang='lat' dir='ltr'>In</span> <span class='ocrx_word' id='word_1_191' title='bbox 1408 1171 1567 1206; x_wconf 86' lang='lat' dir='ltr'>posteriore</span> <span class='ocrx_word' id='word_1_192' title='bbox 1587 1179 1677 1207; x_wconf 85' lang='lat' dir='ltr'>casu,</span> 
     </span>
     <span class='ocr_line' id='line_1_21' title="bbox 151 1215 1677 1259; baseline 0.001 -13"><span class='ocrx_word' id='word_1_193' title='bbox 151 1215 304 1253; x_wconf 89' lang='lat' dir='ltr'>(assumto</span> <span class='ocrx_word' id='word_1_194' title='bbox 326 1219 467 1248; x_wconf 81' lang='lat' dir='ltr'>mercurio</span> <span class='ocrx_word' id='word_1_195' title='bbox 491 1218 647 1248; x_wconf 87' lang='lat' dir='ltr'>sublimato</span> <span class='ocrx_word' id='word_1_196' title='bbox 673 1217 842 1253; x_wconf 68' lang='lat' dir='ltr'>corrosivo,</span> <span class='ocrx_word' id='word_1_197' title='bbox 868 1224 897 1246; x_wconf 89' lang='lat' dir='ltr'>et</span> <span class='ocrx_word' id='word_1_198' title='bbox 917 1217 1037 1246; x_wconf 89' lang='lat' dir='ltr'>decocto</span> <span class='ocrx_word' id='word_1_199' title='bbox 1063 1228 1191 1251; x_wconf 78' lang='lat' dir='ltr'>saturato</span> <span class='ocrx_word' id='word_1_200' title='bbox 1210 1222 1329 1252; x_wconf 82' lang='lat' dir='ltr'>corticis</span> <span class='ocrx_word' id='word_1_201' title='bbox 1345 1220 1501 1251; x_wconf 74' lang='lat' dir='ltr'>Peruviani</span> <span class='ocrx_word' id='word_1_202' title='bbox 1521 1230 1677 1259; x_wconf 86' lang='lat' dir='ltr'>superepo-</span> 
     </span>
     <span class='ocr_line' id='line_1_22' title="bbox 147 1268 1675 1309; baseline 0.004 -13"><span class='ocrx_word' id='word_1_203' title='bbox 147 1270 208 1306; x_wconf 88' lang='lat' dir='ltr'>to)</span> <span class='ocrx_word' id='word_1_204' title='bbox 226 1270 325 1306; x_wconf 82' lang='lat' dir='ltr'>gallas</span> <span class='ocrx_word' id='word_1_205' title='bbox 344 1272 486 1300; x_wconf 75' lang='lat' dir='ltr'>mercurii</span> <span class='ocrx_word' id='word_1_206' title='bbox 501 1279 535 1300; x_wconf 81' lang='lat' dir='ltr'>ex</span> <span class='ocrx_word' id='word_1_207' title='bbox 553 1270 671 1299; x_wconf 78' lang='lat' dir='ltr'>electiva</span> <span class='ocrx_word' id='word_1_208' title='bbox 687 1269 822 1298; x_wconf 74' lang='lat' dir='ltr'>affinitate</span> <span class='ocrx_word' id='word_1_209' title='bbox 837 1268 910 1297; x_wconf 89' lang='lat' dir='ltr'>acidi</span> <span class='ocrx_word' id='word_1_210' title='bbox 927 1268 1043 1305; x_wconf 77' lang='lat' dir='ltr'>gallaeci</span> <span class='ocrx_word' id='word_1_211' title='bbox 1068 1269 1184 1298; x_wconf 86' lang='lat' dir='ltr'>corticis</span> <span class='ocrx_word' id='word_1_212' title='bbox 1207 1276 1234 1298; x_wconf 90' lang='lat' dir='ltr'>et</span> <span class='ocrx_word' id='word_1_213' title='bbox 1256 1269 1423 1307; x_wconf 75' lang='lat' dir='ltr'>hydrargyri</span> <span class='ocrx_word' id='word_1_214' title='bbox 1447 1273 1600 1309; x_wconf 81' lang='lat' dir='ltr'>oxygenati</span> <span class='ocrx_word' id='word_1_215' title='bbox 1617 1272 1675 1302; x_wconf 87' lang='lat' dir='ltr'>for-</span> 
     </span>
     <span class='ocr_line' id='line_1_23' title="bbox 148 1318 1461 1357; baseline 0.003 -11"><span class='ocrx_word' id='word_1_216' title='bbox 148 1319 219 1347; x_wconf 86' lang='lat' dir='ltr'>mari</span> <span class='ocrx_word' id='word_1_217' title='bbox 236 1320 387 1355; x_wconf 88' lang='lat' dir='ltr'>videmus,</span> <span class='ocrx_word' id='word_1_218' title='bbox 410 1323 489 1357; x_wconf 88' lang='lat' dir='ltr'>quod</span> <span class='ocrx_word' id='word_1_219' title='bbox 508 1323 550 1350; x_wconf 90' lang='lat' dir='ltr'>sal</span> <span class='ocrx_word' id='word_1_220' title='bbox 572 1321 697 1349; x_wconf 79' lang='lat' dir='ltr'>medIum</span> <span class='ocrx_word' id='word_1_221' title='bbox 723 1319 803 1349; x_wconf 91' lang='lat' dir='ltr'>omni</span> <span class='ocrx_word' id='word_1_222' title='bbox 828 1319 943 1347; x_wconf 83' lang='lat' dir='ltr'>inimica</span> <span class='ocrx_word' id='word_1_223' title='bbox 967 1320 1079 1348; x_wconf 87' lang='lat' dir='ltr'>actione</span> <span class='ocrx_word' id='word_1_224' title='bbox 1100 1320 1130 1348; x_wconf 90' lang='lat' dir='ltr'>in</span> <span class='ocrx_word' id='word_1_225' title='bbox 1154 1318 1349 1356; x_wconf 83' lang='lat' dir='ltr'>organismum</span> <span class='ocrx_word' id='word_1_226' title='bbox 1374 1327 1461 1351; x_wconf 85' lang='lat' dir='ltr'>caret.</span> 
     </span>
    </p>

    <p class='ocr_par' dir='ltr' id='par_1_7' title="bbox 146 1369 1677 1560">
     <span class='ocr_line' id='line_1_24' title="bbox 188 1369 1674 1406; baseline 0.003 -8"><span class='ocrx_word' id='word_1_227' title='bbox 188 1369 265 1398; x_wconf 88' lang='lat' dir='ltr'>Idem</span> <span class='ocrx_word' id='word_1_228' title='bbox 281 1372 360 1399; x_wconf 83' lang='lat' dir='ltr'>valet</span> <span class='ocrx_word' id='word_1_229' title='bbox 384 1372 420 1399; x_wconf 57' lang='lat' dir='ltr'>‘de</span> <span class='ocrx_word' id='word_1_230' title='bbox 449 1371 561 1400; x_wconf 89' lang='lat' dir='ltr'>actione</span> <span class='ocrx_word' id='word_1_231' title='bbox 584 1370 725 1400; x_wconf 69' lang='lat' dir='ltr'>Chemica</span> <span class='ocrx_word' id='word_1_232' title='bbox 756 1370 943 1399; x_wconf 85' lang='lat' dir='ltr'>remediorum</span> <span class='ocrx_word' id='word_1_233' title='bbox 969 1371 1015 1399; x_wconf 92' lang='lat' dir='ltr'>vel</span> <span class='ocrx_word' id='word_1_234' title='bbox 1047 1369 1148 1406; x_wconf 84' lang='lat' dir='ltr'>potius</span> <span class='ocrx_word' id='word_1_235' title='bbox 1177 1371 1372 1400; x_wconf 87' lang='lat' dir='ltr'>antidotorum</span> <span class='ocrx_word' id='word_1_236' title='bbox 1399 1373 1430 1401; x_wconf 92' lang='lat' dir='ltr'>in</span> <span class='ocrx_word' id='word_1_237' title='bbox 1459 1373 1551 1401; x_wconf 67' lang='lat' dir='ltr'>colica</span> <span class='ocrx_word' id='word_1_238' title='bbox 1577 1373 1674 1403; x_wconf 88' lang='lat' dir='ltr'>Picto-</span> 
     </span>
     <span class='ocr_line' id='line_1_25' title="bbox 146 1420 1677 1460; baseline 0.003 -12"><span class='ocrx_word' id='word_1_239' title='bbox 146 1424 230 1448; x_wconf 78' lang='lat' dir='ltr'>num.</span> <span class='ocrx_word' id='word_1_240' title='bbox 273 1421 424 1456; x_wconf 74' lang='lat' dir='ltr'>Optimum</span> <span class='ocrx_word' id='word_1_241' title='bbox 448 1421 523 1449; x_wconf 88' lang='lat' dir='ltr'>enim</span> <span class='ocrx_word' id='word_1_242' title='bbox 549 1421 641 1457; x_wconf 84' lang='lat' dir='ltr'>hujus</span> <span class='ocrx_word' id='word_1_243' title='bbox 667 1421 761 1450; x_wconf 89' lang='lat' dir='ltr'>morbi</span> <span class='ocrx_word' id='word_1_244' title='bbox 791 1421 898 1448; x_wconf 84' lang='lat' dir='ltr'>exitum</span> <span class='ocrx_word' id='word_1_245' title='bbox 931 1420 1074 1460; x_wconf 72' lang='lat' dir='ltr'>inducunt</span> <span class='ocrx_word' id='word_1_246' title='bbox 1102 1429 1151 1455; x_wconf 83' lang='lat' dir='ltr'>ea,</span> <span class='ocrx_word' id='word_1_247' title='bbox 1180 1429 1251 1456; x_wconf 82' lang='lat' dir='ltr'>quae</span> <span class='ocrx_word' id='word_1_248' title='bbox 1279 1422 1309 1450; x_wconf 88' lang='lat' dir='ltr'>in</span> <span class='ocrx_word' id='word_1_249' title='bbox 1340 1423 1466 1458; x_wconf 84' lang='lat' dir='ltr'>oxydum</span> <span class='ocrx_word' id='word_1_250' title='bbox 1497 1424 1612 1459; x_wconf 88' lang='lat' dir='ltr'>plumbi</span> <span class='ocrx_word' id='word_1_251' title='bbox 1636 1425 1677 1453; x_wconf 72' lang='lat' dir='ltr'>ita</span> 
     </span>
     <span class='ocr_line' id='line_1_26' title="bbox 149 1470 1675 1509; baseline 0.004 -11"><span class='ocrx_word' id='word_1_252' title='bbox 149 1476 258 1506; x_wconf 82' lang='lat' dir='ltr'>agunt,</span> <span class='ocrx_word' id='word_1_253' title='bbox 288 1477 320 1499; x_wconf 93' lang='lat' dir='ltr'>ut</span> <span class='ocrx_word' id='word_1_254' title='bbox 343 1471 400 1500; x_wconf 89' lang='lat' dir='ltr'>hoc</span> <span class='ocrx_word' id='word_1_255' title='bbox 417 1479 556 1499; x_wconf 87' lang='lat' dir='ltr'>venenum</span> <span class='ocrx_word' id='word_1_256' title='bbox 582 1479 636 1499; x_wconf 90' lang='lat' dir='ltr'>suo</span> <span class='ocrx_word' id='word_1_257' title='bbox 654 1470 798 1507; x_wconf 87' lang='lat' dir='ltr'>oxygenio</span> <span class='ocrx_word' id='word_1_258' title='bbox 820 1471 954 1506; x_wconf 87' lang='lat' dir='ltr'>privent,</span> <span class='ocrx_word' id='word_1_259' title='bbox 977 1477 1004 1498; x_wconf 86' lang='lat' dir='ltr'>et</span> <span class='ocrx_word' id='word_1_260' title='bbox 1027 1470 1070 1498; x_wconf 90' lang='lat' dir='ltr'>sic</span> <span class='ocrx_word' id='word_1_261' title='bbox 1090 1471 1120 1499; x_wconf 89' lang='lat' dir='ltr'>in</span> <span class='ocrx_word' id='word_1_262' title='bbox 1141 1477 1218 1499; x_wconf 82' lang='lat' dir='ltr'>statu</span> <span class='ocrx_word' id='word_1_263' title='bbox 1244 1472 1451 1509; x_wconf 84' lang='lat' dir='ltr'>organisationi</span> <span class='ocrx_word' id='word_1_264' title='bbox 1473 1475 1549 1504; x_wconf 88' lang='lat' dir='ltr'>haud</span> <span class='ocrx_word' id='word_1_265' title='bbox 1567 1482 1675 1504; x_wconf 53' lang='lat' dir='ltr'>nocent</span> 
     </span>
     <span class='ocr_line' id='line_1_27' title="bbox 149 1520 1529 1560; baseline 0.004 -12"><span class='ocrx_word' id='word_1_266' title='bbox 149 1520 174 1548; x_wconf 89' lang='lat' dir='ltr'>ti</span> <span class='ocrx_word' id='word_1_267' title='bbox 192 1521 368 1558; x_wconf 80' lang='lat' dir='ltr'>relinquant.</span> <span class='ocrx_word' id='word_1_268' title='bbox 409 1522 583 1558; x_wconf 80' lang='lat' dir='ltr'>Exemplum</span> <span class='ocrx_word' id='word_1_269' title='bbox 608 1522 760 1558; x_wconf 78' lang='lat' dir='ltr'>praebeant</span> <span class='ocrx_word' id='word_1_270' title='bbox 780 1522 872 1558; x_wconf 59' lang='lat' dir='ltr'>«hepar</span> <span class='ocrx_word' id='word_1_271' title='bbox 892 1521 1062 1558; x_wconf 78' lang='lat' dir='ltr'>sulphuris,</span> <span class='ocrx_word' id='word_1_272' title='bbox 1085 1530 1133 1558; x_wconf 88' lang='lat' dir='ltr'>gas</span> <span class='ocrx_word' id='word_1_273' title='bbox 1155 1522 1385 1559; x_wconf 86' lang='lat' dir='ltr'>hydrogenium.,</span> <span class='ocrx_word' id='word_1_274' title='bbox 1408 1524 1529 1560; x_wconf 83' lang='lat' dir='ltr'>aliaque.</span> 
     </span>
    </p>

    <p class='ocr_par' dir='ltr' id='par_1_8' title="bbox 143 1571 1674 1865">
     <span class='ocr_line' id='line_1_28' title="bbox 185 1571 1674 1614; baseline 0.003 -14"><span class='ocrx_word' id='word_1_275' title='bbox 185 1571 269 1601; x_wconf 87' lang='lat' dir='ltr'>Hanc</span> <span class='ocrx_word' id='word_1_276' title='bbox 292 1574 645 1603; x_wconf 83' lang='lat' dir='ltr'>chemica1n·venenorum</span> <span class='ocrx_word' id='word_1_277' title='bbox 667 1580 694 1601; x_wconf 91' lang='lat' dir='ltr'>et</span> <span class='ocrx_word' id='word_1_278' title='bbox 724 1573 919 1602; x_wconf 83' lang='lat' dir='ltr'>antidotorum</span> <span class='ocrx_word' id='word_1_279' title='bbox 939 1573 1085 1601; x_wconf 72' lang='lat' dir='ltr'>actionem</span> <span class='ocrx_word' id='word_1_280' title='bbox 1114 1573 1235 1602; x_wconf 82' lang='lat' dir='ltr'>ulterius</span> <span class='ocrx_word' id='word_1_281' title='bbox 1262 1574 1378 1610; x_wconf 86' lang='lat' dir='ltr'>probari</span> <span class='ocrx_word' id='word_1_282' title='bbox 1402 1583 1437 1604; x_wconf 82' lang='lat' dir='ltr'>ex</span> <span class='ocrx_word' id='word_1_283' title='bbox 1461 1573 1597 1605; x_wconf 85' lang='lat' dir='ltr'>veneficio</span> <span class='ocrx_word' id='word_1_284' title='bbox 1620 1577 1674 1614; x_wconf 89' lang='lat' dir='ltr'>hy-</span> 
     </span>
     <span class='ocr_line' id='line_1_29' title="bbox 148 1623 1670 1662; baseline 0.004 -12"><span class='ocrx_word' id='word_1_285' title='bbox 148 1623 277 1660; x_wconf 85' lang='lat' dir='ltr'>drargyri</span> <span class='ocrx_word' id='word_1_286' title='bbox 299 1625 435 1662; x_wconf 79' lang='lat' dir='ltr'>oxydati‚</span> <span class='ocrx_word' id='word_1_287' title='bbox 464 1632 492 1653; x_wconf 84' lang='lat' dir='ltr'>et</span> <span class='ocrx_word' id='word_1_288' title='bbox 512 1633 547 1653; x_wconf 83' lang='lat' dir='ltr'>ex</span> <span class='ocrx_word' id='word_1_289' title='bbox 566 1625 673 1653; x_wconf 77' lang='lat' dir='ltr'>medela</span> <span class='ocrx_word' id='word_1_290' title='bbox 696 1624 837 1660; x_wconf 48' lang='lat' dir='ltr'>(sisquis</span> <span class='ocrx_word' id='word_1_291' title='bbox 861 1625 953 1653; x_wconf 86' lang='lat' dir='ltr'>adhuc</span> <span class='ocrx_word' id='word_1_292' title='bbox 982 1623 1049 1652; x_wconf 91' lang='lat' dir='ltr'>huic</span> <span class='ocrx_word' id='word_1_293' title='bbox 1080 1624 1119 1653; x_wconf 87' lang='lat' dir='ltr'>sit</span> <span class='ocrx_word' id='word_1_294' title='bbox 1144 1624 1254 1662; x_wconf 87' lang='lat' dir='ltr'>locus)</span> <span class='ocrx_word' id='word_1_295' title='bbox 1284 1626 1334 1654; x_wconf 85' lang='lat' dir='ltr'>tali</span> <span class='ocrx_word' id='word_1_296' title='bbox 1362 1626 1393 1654; x_wconf 94' lang='lat' dir='ltr'>in</span> <span class='ocrx_word' id='word_1_297' title='bbox 1417 1635 1487 1655; x_wconf 85' lang='lat' dir='ltr'>casu</span> <span class='ocrx_word' id='word_1_298' title='bbox 1516 1626 1670 1656; x_wconf 81' lang='lat' dir='ltr'>afferendo.</span> 
     </span>
     <span class='ocr_line' id='line_1_30' title="bbox 150 1672 1669 1712; baseline 0.003 -10"><span class='ocrx_word' id='word_1_299' title='bbox 150 1672 249 1711; x_wconf 84' lang='lat' dir='ltr'>Hujus</span> <span class='ocrx_word' id='word_1_300' title='bbox 266 1676 340 1704; x_wconf 91' lang='lat' dir='ltr'>enim</span> <span class='ocrx_word' id='word_1_301' title='bbox 360 1677 460 1705; x_wconf 80' lang='lat' dir='ltr'>veneni</span> <span class='ocrx_word' id='word_1_302' title='bbox 483 1676 534 1706; x_wconf 88' lang='lat' dir='ltr'>ubi</span> <span class='ocrx_word' id='word_1_303' title='bbox 556 1676 623 1712; x_wconf 89' lang='lat' dir='ltr'>quis</span> <span class='ocrx_word' id='word_1_304' title='bbox 645 1675 761 1704; x_wconf 85' lang='lat' dir='ltr'>nimiam</span> <span class='ocrx_word' id='word_1_305' title='bbox 787 1676 899 1712; x_wconf 85' lang='lat' dir='ltr'>copiam</span> <span class='ocrx_word' id='word_1_306' title='bbox 920 1675 1107 1711; x_wconf 77' lang='lat' dir='ltr'>assumserit,</span> <span class='ocrx_word' id='word_1_307' title='bbox 1127 1673 1202 1704; x_wconf 74' lang='lat' dir='ltr'>&#39;inter</span> <span class='ocrx_word' id='word_1_308' title='bbox 1225 1676 1297 1704; x_wconf 91' lang='lat' dir='ltr'>alios</span> <span class='ocrx_word' id='word_1_309' title='bbox 1317 1675 1441 1705; x_wconf 87' lang='lat' dir='ltr'>infestos</span> <span class='ocrx_word' id='word_1_310' title='bbox 1459 1684 1527 1705; x_wconf 88' lang='lat' dir='ltr'>sane</span> <span class='ocrx_word' id='word_1_311' title='bbox 1548 1677 1669 1706; x_wconf 83' lang='lat' dir='ltr'>effectus</span> 
     </span>
     <span class='ocr_line' id='line_1_31' title="bbox 148 1725 1670 1762; baseline 0.001 -9"><span class='ocrx_word' id='word_1_312' title='bbox 148 1725 301 1762; x_wconf 83' lang='lat' dir='ltr'>praecipue</span> <span class='ocrx_word' id='word_1_313' title='bbox 332 1726 485 1762; x_wconf 82' lang='lat' dir='ltr'>insequens</span> <span class='ocrx_word' id='word_1_314' title='bbox 510 1726 641 1755; x_wconf 79' lang='lat' dir='ltr'>salivatio</span> <span class='ocrx_word' id='word_1_315' title='bbox 665 1727 848 1755; x_wconf 82' lang='lat' dir='ltr'>memoranda</span> <span class='ocrx_word' id='word_1_316' title='bbox 870 1733 938 1762; x_wconf 75' lang='lat' dir='ltr'>est,</span> <span class='ocrx_word' id='word_1_317' title='bbox 968 1735 1040 1762; x_wconf 87' lang='lat' dir='ltr'>quae</span> <span class='ocrx_word' id='word_1_318' title='bbox 1067 1726 1162 1755; x_wconf 86' lang='lat' dir='ltr'>omnia</span> <span class='ocrx_word' id='word_1_319' title='bbox 1184 1726 1215 1754; x_wconf 85' lang='lat' dir='ltr'>ni</span> <span class='ocrx_word' id='word_1_320' title='bbox 1240 1727 1299 1755; x_wconf 88' lang='lat' dir='ltr'>cito</span> <span class='ocrx_word' id='word_1_321' title='bbox 1321 1726 1478 1762; x_wconf 73' lang='lat' dir='ltr'>sistantur,</span> <span class='ocrx_word' id='word_1_322' title='bbox 1509 1732 1670 1755; x_wconf 83' lang='lat' dir='ltr'>venenatus</span> 
     </span>
     <span class='ocr_line' id='line_1_32' title="bbox 148 1775 1668 1815; baseline 0.001 -12"><span class='ocrx_word' id='word_1_323' title='bbox 148 1776 223 1812; x_wconf 80' lang='lat' dir='ltr'>perit</span> <span class='ocrx_word' id='word_1_324' title='bbox 250 1777 350 1805; x_wconf 73' lang='lat' dir='ltr'>homo.</span> <span class='ocrx_word' id='word_1_325' title='bbox 396 1777 457 1815; x_wconf 85' lang='lat' dir='ltr'>Jam</span> <span class='ocrx_word' id='word_1_326' title='bbox 486 1786 554 1806; x_wconf 90' lang='lat' dir='ltr'>vero</span> <span class='ocrx_word' id='word_1_327' title='bbox 583 1778 684 1805; x_wconf 86' lang='lat' dir='ltr'>iterum</span> <span class='ocrx_word' id='word_1_328' title='bbox 713 1778 749 1806; x_wconf 89' lang='lat' dir='ltr'>ad</span> <span class='ocrx_word' id='word_1_329' title='bbox 776 1777 930 1806; x_wconf 83' lang='lat' dir='ltr'>chemicam</span> <span class='ocrx_word' id='word_1_330' title='bbox 962 1777 1157 1814; x_wconf 86' lang='lat' dir='ltr'>cognitionem</span> <span class='ocrx_word' id='word_1_331' title='bbox 1181 1777 1305 1806; x_wconf 88' lang='lat' dir='ltr'>assumti</span> <span class='ocrx_word' id='word_1_332' title='bbox 1333 1777 1435 1806; x_wconf 87' lang='lat' dir='ltr'>veneni</span> <span class='ocrx_word' id='word_1_333' title='bbox 1463 1775 1668 1806; x_wconf 85' lang='lat' dir='ltr'>recurrendum</span> 
     </span>
     <span class='ocr_line' id='line_1_33' title="bbox 143 1826 1669 1865; baseline 0 -10"><span class='ocrx_word' id='word_1_334' title='bbox 143 1826 219 1862; x_wconf 63' lang='lat' dir='ltr'>erit,</span> <span class='ocrx_word' id='word_1_335' title='bbox 242 1835 315 1862; x_wconf 91' lang='lat' dir='ltr'>quae</span> <span class='ocrx_word' id='word_1_336' title='bbox 333 1828 433 1864; x_wconf 77' lang='lat' dir='ltr'>docet,</span> <span class='ocrx_word' id='word_1_337' title='bbox 454 1828 662 1865; x_wconf 85' lang='lat' dir='ltr'>hydrargyrum</span> <span class='ocrx_word' id='word_1_338' title='bbox 679 1836 739 1857; x_wconf 90' lang='lat' dir='ltr'>non</span> <span class='ocrx_word' id='word_1_339' title='bbox 756 1829 912 1865; x_wconf 85' lang='lat' dir='ltr'>oxydatum</span> <span class='ocrx_word' id='word_1_340' title='bbox 934 1836 1091 1864; x_wconf 89' lang='lat' dir='ltr'>numquam</span> <span class='ocrx_word' id='word_1_341' title='bbox 1112 1826 1142 1856; x_wconf 77' lang='lat' dir='ltr'>&#39;in</span> <span class='ocrx_word' id='word_1_342' title='bbox 1164 1836 1272 1864; x_wconf 86' lang='lat' dir='ltr'>corpus</span> <span class='ocrx_word' id='word_1_343' title='bbox 1295 1836 1385 1863; x_wconf 91' lang='lat' dir='ltr'>posse</span> <span class='ocrx_word' id='word_1_344' title='bbox 1406 1834 1496 1865; x_wconf 81' lang='lat' dir='ltr'>agere.</span> <span class='ocrx_word' id='word_1_345' title='bbox 1537 1827 1669 1856; x_wconf 81' lang='lat' dir='ltr'>Conclu-</span> 
     </span>
    </p>
   </div>
   <div class='ocr_carea' id='block_1_3' title="bbox 150 1877 1667 1966">
    <p class='ocr_par' dir='ltr' id='par_1_9' title="bbox 150 1877 1667 1966">
     <span class='ocr_line' id='line_1_34' title="bbox 150 1877 1665 1917; baseline 0 -11"><span class='ocrx_word' id='word_1_346' title='bbox 150 1877 193 1906; x_wconf 84' lang='lat' dir='ltr'>dit</span> <span class='ocrx_word' id='word_1_347' title='bbox 214 1885 282 1914; x_wconf 84' lang='lat' dir='ltr'>ergo</span> <span class='ocrx_word' id='word_1_348' title='bbox 295 1877 476 1914; x_wconf 84' lang='lat' dir='ltr'>Chemicus,</span> <span class='ocrx_word' id='word_1_349' title='bbox 501 1880 656 1915; x_wconf 79' lang='lat' dir='ltr'>oxydatum</span> <span class='ocrx_word' id='word_1_350' title='bbox 677 1879 885 1917; x_wconf 85' lang='lat' dir='ltr'>hydrargyrum</span> <span class='ocrx_word' id='word_1_351' title='bbox 905 1879 996 1910; x_wconf 83' lang='lat' dir='ltr'>fuisse</span> <span class='ocrx_word' id='word_1_352' title='bbox 1019 1879 1204 1916; x_wconf 85' lang='lat' dir='ltr'>inhaustum,</span> <span class='ocrx_word' id='word_1_353' title='bbox 1233 1880 1363 1917; x_wconf 81' lang='lat' dir='ltr'>adeoque</span> <span class='ocrx_word' id='word_1_354' title='bbox 1382 1887 1413 1913; x_wconf 82' lang='lat' dir='ltr'>se</span> <span class='ocrx_word' id='word_1_355' title='bbox 1436 1883 1531 1909; x_wconf 79' lang='lat' dir='ltr'>curam</span> <span class='ocrx_word' id='word_1_356' title='bbox 1550 1884 1665 1916; x_wconf 82' lang='lat' dir='ltr'>sperare</span> 
     </span>
     <span class='ocr_line' id='line_1_35' title="bbox 1596 1937 1667 1966; baseline 0.028 -9"><span class='ocrx_word' id='word_1_357' title='bbox 1596 1937 1667 1966; x_wconf 73' lang='lat' dir='ltr'>pos-</span> 
     </span>
    </p>
   </div>
   <div class='ocr_carea' id='block_1_4' title="bbox 173 2001 990 2066">
    <p class='ocr_par' dir='ltr' id='par_1_10' title="bbox 173 2001 990 2066">
     <span class='ocr_line' id='line_1_36' title="bbox 173 2001 990 2066; baseline 0.009 -41"><span class='ocrx_word' id='word_1_358' title='bbox 173 2001 246 2033; x_wconf 76' lang='lat'>(3³)</span> <span class='ocrx_word' id='word_1_359' title='bbox 259 2004 352 2028; x_wconf 75' lang='lat' dir='ltr'>cunule.</span> <span class='ocrx_word' id='word_1_360' title='bbox 366 2006 494 2034; x_wconf 73' lang='lat' dir='ltr'>Magaztjn,</span> <span class='ocrx_word' id='word_1_361' title='bbox 514 2007 530 2030; x_wconf 83' lang='lat'>1.</span> <span class='ocrx_word' id='word_1_362' title='bbox 545 2008 560 2030; x_wconf 73' lang='grc' dir='ltr'>Ι.</span> <span class='ocrx_word' id='word_1_363' title='bbox 581 2012 632 2035; x_wconf 76' lang='lat' dir='ltr'>pag.</span> <span class='ocrx_word' id='word_1_364' title='bbox 650 2011 770 2035; x_wconf 71' lang='lat'>⁷9-‘104-</span> <span class='ocrx_word' id='word_1_365' title='bbox 959 2034 990 2066; x_wconf 78' lang='lat' dir='ltr'>c</span> 
     </span>
    </p>
   </div>
  </div>
 </body>
</html>
