1940 2474
439 141 1413 212 'COMMENTATIJOz

307 446 552 481 LITERARUM
575 445 830 479 CONDITIONE
853 444 965 477 APUD
985 442 1206 484 ROMANOS,
1230 444 1330 477 INDE
1352 441 1384 473 A
1405 442 1535 481 BELLQ

365 518 518 552 PUNICO
541 518 672 551 PRIMO
694 517 832 558 USQUE
855 515 913 549 AD
936 515 1226 549 VESPASIANUM
1247 513 1480 548 CAESAREM.

527 907 550 936 P
615 906 644 936 R
708 886 831 938 οὗ
898 884 1026 937 Εἰιι
1091 887 1201 935 Ιύ
1267 902 1311 934 M.

857 1044 887 1081 S.
931 1051 958 1072 1.
1077 1038 1081 1053 ¹

1581 1090 1672 1115 0⁴¹·r'17

817 1131 1010 1160 Introductio.
1036 1139 1039 1142 '
1076 1131 1079 1133 ’

146 1174 270 1250 Cum
293 1208 387 1239 omnis
410 1208 535 1238 liberalis
554 1198 685 1238 doctrina
708 1195 918 1245 literarumque
931 1197 1061 1245 cognitio
1077 1207 1112 1236 ab
1128 1199 1269 1237 Romanis
1288 1206 1397 1236 venerit
1414 1205 1449 1234 ad
1465 1195 1587 1242 n'iaj'ores
1608 1194 1679 1231 ἠδέ-

150 1267 213 1290 tros
236 1260 374 1298 Europae
398 1260 584 1290 occidentalis
611 1260 741 1301 incolas,
770 1269 907 1306 quaenam
930 1260 1038 1306 fuerint
1063 1259 1167 1288 artium
1196 1256 1478 1295 disciplinarumque
1509 1255 1605 1300 apud
1609 1244 1677 1282 issoi?

146 1318 177 1341 et
198 1311 281 1341 initia
302 1319 330 1341 et
353 1321 525 1349 progressus
555 1320 714 1348 exponere,
742 1305 872 1352 jucunda
901 1320 968 1341 sane
1002 1299 1178 1347 minimeque
1192 1309 1337 1339 utilitatis
1366 1303 1476 1346 expers
1491 1288 1681 1337 existimanda

145 1371 191 1393 res
213 1370 269 1393 est.
310 1363 385 1393 Nam
404 1371 432 1393 et
449 1365 605 1394 multarum
631 1372 723 1393 rerum
747 1364 867 1401 cognitu
888 1362 1166 1401 jucundissimarum
1186 1359 1307 1406 scientia
1326 1368 1448 1391 mentem
1473 1350 1559 1397 au'get
1580 1359 1610 1387 ea
1631 1350 1678 1386 effi?-

145 1414 280 1451 posido,
311 1422 339 1444 et
359 1417 456 1445 fontes
479 1417 627 1452 ostendit,
658 1417 734 1445 unde
757 1416 853 1445 omnis
880 1416 1035 1452 elegantiae
1058 1422 1087 1444 et
1111 1415 1299 1443 humanitatis
1321 1413 1424 1442 sensus
1450 1408 1537 1448 lofige
1562 1400 1677 1445 lateque

142 1466 183 1494 ad
203 1474 257 1495 nos
280 1467 458 1504 dimanavit,
479 1474 507 1497 et
530 1467 616 1497 nobis
637 1468 812 1496 hauriendus
831 1473 886 1496 est.
932 1466 1007 1495 Sunt
1027 1466 1102 1494 enirn
1123 1473 1231 1495 veteres
1251 1464 1350 1494 Latini
1373 1463 1555 1500 Scriptores,
1578 1466 1593 1490 e
1611 1451 1674 1496 qur

143 1505 204 1546 bus
229 1518 325 1547 omnis
345 1525 372 1547 et
392 1527 532 1555 poeseos,
554 1526 581 1548 et
602 1519 760 1555 hist01iae,
781 1525 810 1547 et
829 1517 1031 1554 eloquentiae,
1054 1524 1081 1546 et
1103 1517 1197 1554 ipsius
1221 1524 1340 1553 quoque
1358 1513 1581 1550 Philosophiae,
1604 1503 1676 1548 quae

147 1570 232 1606 quasi
257 1576 346 1599 mater
371 1577 414 1599 est
439 1570 568 1600 omnium
594 1571 811 1607 doctrinarum,
838 1576 968 1599 accurata
997 1570 1117 1607 petenda
1142 1570 1180 1598 sit
1203 1568 1354 1607 cognitio,
1385 1576 1457 1603 quae
1485 1573 1545 1595 non
1568 1554 1674 1600 ingenii

126 1627 258 1650 .tantum
284 1622 433 1651 excolendi
451 1628 478 1650 et
504 1622 676 1658 exornandi,
706 1623 755 1651 sed
776 1629 804 1651 et
832 1631 944 1652 morum
968 1621 1186 1651 formandorum
1209 1627 1297 1656 atque
1321 1618 1565 1648 emolliendoruin
1581 1614 1675 1644 tradat

151 1673 304 1705 rationem.
343 1673 410 1712 Qua
432 1673 545 1710 quidem
567 1674 734 1711 cognitione
756 1683 822 1704 cum
848 1683 941 1704 carere
965 1683 1050 1703 nemo
1070 1673 1186 1710 possit,
1208 1679 1255 1708 et,
1283 1670 1309 1700 s'i
1331 1672 1387 1702 vel
1400 1669 1514 1707 possit,
1541 1676 1577 1697 ne
1603 1656 1674 1696 vetit

146 1724 282 1761 quidem,
314 1734 358 1754 res
381 1725 447 1762 ipsa
469 1726 620 1762 loquitur,
649 1733 756 1762 quanta
779 1725 818 1756 sit
842 1727 905 1764 eJus
932 1725 1128 1755 institutionis
1151 1724 1281 1760 utilitas,
1310 1731 1383 1760 quae
1408 1723 1527 1757 doceat,
1557 1719 1672 1756 qualem

145 1776 296 1806 habuerint
325 1783 434 1806 veteres
462 1777 587 1807 Romani
619 1778 765 1814 cujusque
790 1777 858 1807 artis
888 1785 917 1807 et
943 1777 1111 1813 disciplinae
1138 1775 1308 1811 scientiam,
1335 1784 1350 1803 a
1380 1774 1486 1810 quibus
1517 1771 1606 1802 initiis
1637 1769 1674 1798 ati

148 1837 288 1857 summam
309 1828 513 1865 perfectionem
536 1830 587 1858 hae
609 1831 687 1866 apud
708 1830 773 1858 illos
795 1829 954 1865 creverint,
976 1829 1094 1866 quinam
1114 1828 1238 1864 denique
1259 1835 1358 1856 eorum
1383 1835 1428 1855 eas
1453 1823 1573 1860 scriptis
1595 1827 1674 1850 coin-

142 1880 342 1909 *mendavcrint
359 1887 387 1909 et
410 1881 634 1910 illustraverint.
665 1882 745 1918 quod
766 1888 810 1911 est
830 1881 954 1912 officium
979 1882 1148 1916 Historiae,
1180 1888 1252 1916 quae
1271 1879 1394 1915 dicitur,
1416 1877 1591 1923 Littsatiae
1613 1870 1674 1901 La-

140 1933 249 1968 rinae,
275 1932 337 1961 sive
365 1932 486 1968 potius,
516 1933 691 1963 Literamm
721 1934 924 1963 Latinarum:
955 1934 1040 1971 qu'us
1065 1931 1202 1961 historite
1231 1930 1317 1960 nobis
1341 1918 1526 1969 propositum
1551 1930 1594 1955 est
1614 1922 1675 1953 eain

137 1982 201 2018 hac
222 1982 421 2020 disputatione
439 1990 551 2021 partem
574 1985 699 2023 tradere,
722 1994 794 2023 quae
815 1985 939 2025 pertinet
961 1985 1027 2014 inde
1046 1993 1063 2015 a
1087 1985 1163 2015 bello
1187 1983 1297 2014 Punico
1322 1981 1417 2021 primo
1438 1981 1532 2018 usque
1547 1974 1675 2012 ad‘V‘cs-

963 2037 990 2067 A
1013 2046 1028 2066 2
1623 2033 1676 2064 lm·
