1940 2474
299 169 348 204 38·
537 171 579 202 u.
644 168 682 200 c.
745 174 860 198 vin
926 173 1032 196 naa
1099 167 1277 198 Boon
1342 167 1588 207 MEscu,

306 256 393 296 aquis
421 256 502 286 acido
522 255 677 286 carbonico
698 253 881 291 impregnatis
908 260 1089 283 versarentur
1105 254 1208 293 (96);
1238 260 1266 282 et
1287 262 1377 290 quum
1407 254 1438 284 in
1458 255 1659 287 Alchemillam
1675 257 1822 295 vngarem

311 309 503 347 experimenta
525 307 709 342 institueret,
737 306 847 335 invenit
870 305 1067 344 Lampadius‚
1099 315 1151 334 100
1177 305 1251 335 roris
1281 313 1375 342 partes
1401 302 1547 337 continere
1577 309 1651 339 acidi
1682 309 1827 338 carbonici

311 361 382 391 uuas
403 361 462 398 (97
472 362 498 399 >.
522 377 560 382 -—
579 359 679 395 Itaque
700 366 868 387 revocemus
886 358 917 386 in
936 357 1119 394 memoriam„
1147 357 1298 395 frigefacto
1327 358 1388 387 ae're
1409 360 1472 388 sole
1500 359 1647 389 occidente
1675 361 1825 390 immensas

313 421 405 449 aquae
422 420 551 447 massas⁹
573 412 666 440 calore
681 410 784 439 diurno
799 415 952 445 exceptas,
975 409 1057 439 coelo
1073 409 1183 445 delabi,
1213 416 1300 446 atque
1320 409 1441 439 nubium
1470 411 1560 440 instar
1581 411 1679 440 telluri
1704 412 1828 441 inhaere-

312 466 361 500 're;
393 463 544 500 praecipue
566 463 596 491 in
618 461 801 491 calidissimis
825 461 991 498 regionibus
1006 482 1016 497 ,
1045 460 1096 490 ubi
1118 461 1329 498 sapientissimo
1351 461 1477 491 Naturae
1505 462 1640 492 instituto
1668 461 1828 492 rarissimas

314 512 431 552 p'luxiias
454 514 559 551 excipit
583 513 724 550 plurimus
746 521 794 541 ros
824 518 852 541 et
871 511 1051 549 ditissimus3
1082 521 1260 542 assumamus
1282 522 1317 542 ne
1343 520 1458 543 centum
1489 513 1603 550 quidem
1629 514 1702 544 roris
1732 520 1828 551 partes

314 567 388 595 'duas
410 566 483 594 acidi
506 563 651 594 carbonici
672 563 838 599 continere,
865 569 938 599 quot
955 563 1065 593 invenit
1081 564 1278 603 Lampadae‘us,
1304 566 1353 594 sed
1374 571 1485 594 tantum
1498 574 1610 602 >unam;
1640 572 1669 594 et
1690 571 1830 602 quantum

314 617 389 647 acidi
409 614 462 646 hae
485 618 560 646 lenta
579 625 611 645 ac
634 615 767 645 diuturna
791 614 949 644 stillatione
971 616 1195 652 Atmosphaerae
1221 617 1294 645 demi
1325 617 1419 652 possit
1444 617 1565 654 percipit
1583 618 1707 653 quisque
1727 616 1828 652 facile3

316 669 360 698 illi
384 677 502 705 quoque
522 676 642 704 vapores
675 666 769 695 telluri
794 665 925 702 proxime
954 665 1151 695 incumbentes
1178 667 1332 695 absorbent
1361 668 1443 696 avide
1468 668 1559 697 hocce
1584 668 1721 703 acidum,
1750 667 1833 703 quod.

311 719 431 749 “demum
451 719 522 756 ipsis
542 718 648 756 plantis
662 718 795 746 traditur:
821 717 928 753 quibus
946 717 1123 754 perspectis,
1150 717 1237 746 simul
1252 717 1441 755 intelligitur,
1461 719 1537 748 unde
1556 719 1605 747 illa
1618 718 1752 747 fertilitas
1763 727 1833 755 pro-

309 768 484 808 ficiscatur,
507 775 593 808 'quam
615 770 751 799 hauriunt
774 770 887 806 plantae
905 776 938 797 ex
956 768 1066 805 pluviis
1085 776 1112 797 et
1133 777 1206 798 rore.

1011 846 1040 881 §-
1081 847 1128 882 38·

352 925 504 954 Caeterum
531 924 622 952 multa
641 922 781 952 :continet
810 926 910 951 nostra
936 921 1043 957 tellus,
1063 930 1147 957 *quae
1177 922 1245 951 huic
1273 924 1355 952 acido
1381 930 1449 952 suut
1473 924 1582 960 affinia3
1611 924 1772 960 cogitemus
1797 924 1833 951 de

311 977 393 1006 'ealce
413 978 499 1013 (98)
521 974 629 1012 ingenti
648 975 838 1003 vulcanorum
859 974 958 1002 ardore
981 981 1031 1002 aut
1052 974 1262 1011 teclinologicis
1282 975 1546 1012 praeparationibus
1563 975 1631 1004 viva
1652 974 1776 1010 reddita,
1797 974 1832 1002 de

311 1028 384 1057 aliis
400 1028 562 1063 alcalibus‚
586 1032 704 1063 potassa
719 1025 871 1062 praecipue
890 1032 918 1053 ct
938 1025 1026 1062 soda,
1047 1034 1081 1055 ex
1097 1026 1275 1055 resolutione
1297 1026 1499 1063 vegetabilium
1520 1025 1721 1055 animaliumve
1741 1032 1834 1054 excre-

313 1079 372 1114 tis,
396 1087 468 1115 quae
489 1078 584 1108 omnia
599 1086 635 1106 ex
651 1077 786 1106 ambienti
806 1076 1017 1113 Atmosphaera
1036 1077 1118 1106 avide
1138 1078 1250 1106 acidum
1272 1078 1457 1106 carbonicum
1476 1078 1645 1107 attrahunt.

314 1127 453 1168 Magnam
474 1130 598 1166 denique
617 1129 779 1158 affinitatem
802 1129 903 1157 habere
927 1129 1038 1158 metalla
1061 1138 1127 1158 cum
1150 1129 1206 1158 hoc
1229 1128 1311 1157 acido
1327 1128 1488 1165 probarunt
1508 1129 1697 1166 experimenta
1719 1137 1735 1158 a
1758 1126 1834 1156 mui-

312 1180 358 1211 'tis
380 1182 528 1211 Ciremicis
555 1180 638 1209 etiam
661 1179 869 1209 recentioribus
890 1179 1042 1216 instituta,
1070 1180 1105 1208 de
1125 1180 1218 1209 tribus
1243 1186 1354 1208 tantum
1378 1181 1426 1210 hie
1449 1188 1492 1209 res
1518 1187 1580 1216 est,
1607 1181 1643 1209 de
1666 1179 1760 1215 ferro,
1782 1187 1834 1208 cu-

316 1242 391 1271 pro,
414 1233 547 1270 plumbo.
588 1233 703 1261 Ferrum
726 1232 837 1261 scilicet
856 1232 924 1260 dum
943 1231 974 1259 in
995 1231 1155 1267 rubiginem
1177 1232 1280 1268 (99),
1303 1240 1426 1268 cuprum
1449 1232 1518 1261 dum
1543 1231 1572 1262 in
1593 1230 1755 1268 aeruginem
1771 1237 1836 1259 ver·

317 1285 408 1320 titur,
428 1292 488 1313 non
510 1284 607 1312 solum
634 1284 757 1320 oxydata
777 1290 860 1318 suut,
882 1290 982 1311 verum
1007 1282 1172 1311 carbonata.

355 1335 510 1364 plumbum
537 1335 653 1371 quando
676 1334 817 1371 oxygonio
837 1333 883 1361 vel
909 1341 942 1361 ex
970 1333 1181 1368 Atmosphacra
1204 1334 1248 1361 vel
1267 1342 1300 1361 ex
1323 1341 1395 1368 aqua
1420 1333 1449 1361 in
1469 1333 1626 1369 oxydulum
1648 1332 1754 1370 (100)
1774 1339 1838 1360 ver-

314 1382 410 1422 titur,
431 1387 472 1415 ita
493 1386 575 1414 avide
595 1386 708 1415 acidum
730 1384 915 1413 carbonicum
941 1383 1057 1412 attrahit
1080 1390 1114 1411 ut
1143 1383 1171 1411 in
1196 1384 1333 1412 cai-bonas
1360 1384 1505 1412 acidulum
1528 1390 1672 1419 mutetur,
1702 1381 1783 1419 quod
1802 1382 1833 1411 in

309 1444 396 1474 ‘aqua
416 1437 562 1474 solvitur,
587 1442 675 1474 atque
697 1437 738 1466 ita
753 1436 867 1474 saepius
892 1435 1000 1464 colicae
1023 1434 1210 1472 pictaviensis
1235 1440 1338 1463 auctor
1358 1434 1402 1463 fit.

1017 1512 1047 1548 §-
1089 1519 1134 1547 39-

363 1590 539 1621 Admirabile
562 1594 637 1619 certe
657 1589 811 1626 multiplex
835 1595 863 1618 et
883 1589 1022 1618 universo
1049 1586 1218 1616 nutritionis
1238 1588 1355 1625 negotio
1379 1586 1566 1617 utilissimum
1593 1586 1669 1616 cutis
1690 1586 1837 1616 officium:

314 1648 488 1680 *perreptant
515 1641 650 1670 nimirum
679 1649 731 1678 per
759 1649 870 1670 omnem
896 1641 985 1669 cutim
1012 1639 1134 1676 plurima
1161 1645 1228 1668 vasa
1256 1640 1456 1675 absorbentia,
1488 1647 1613 1675 qnorum
1644 1637 1838 1675 gravissimam

314 1690 506 1723 'functionem
528 1699 669 1722 testantur
693 1691 834 1729 effectus,
865 1692 915 1729 qui
934 1691 1162 1729 proficiscuntur
1182 1699 1216 1720 ex
1240 1691 1469 1727 mercurialium,
1491 1690 1697 1726 emeticorum‚
1715 1695 1841 1718 veneno-

1779 1746 1842 1769 rum

356 1810 415 1838 (96)
430 1812 538 1838 Seu-ebra,
553 1812 613 1838 Phys.
627 1811 734 1839 Vegeeatu,
749 1811 814 1833 Tom.
830 1811 868 1832 111.
883 1817 906 1837 p.
921 1811 948 1836 91
963 1815 984 1831 et
997 1816 1033 1839 ⁹9·

344 1851 418 1880 ‘'(97)
434 1853 572 1880 Lan-paam,
587 1853 688 1879 Aenuph.
705 1857 755 1880 pag.
771 1857 817 1873 η’.
835 1852 856 1879 §.
871 1857 920 1877 ¹94·

356 1892 416 1920 (98)
431 1894 535 1922 Juquln,
550 1895 617 1917 Et...
630 1894 714 1920 chem,
730 1894 794 1916 Tom.
809 1893 829 1914 1-
843 1899 866 1920 p.
885 1893 934 1919 158-
950 1897 973 1914 et
985 1893 1080 1917 Dtettm.
1090 1893 1114 1915 da
1129 1891 1210 1921 cmm,
1223 1896 1265 1921 par
1276 1891 1378 1920 impr-m
1389 1896 1412 1914 et
1423 1889 1494 1919 Waw'.
1521 1891 1586 1913 Voce
1600 1889 1682 1912 Che-8.

360 1933 424 1961 (99)
438 1935 470 1956 A.
485 1936 549 1963 Ypaey,
561 1937 578 1957 Ι.
592 1937 610 1957 1-
625 1937 691 1957 Tom.
710 1936 737 1957 Π.
755 1941 778 1961 Ρ.
792 1934 844 1960 583.

358 1972 437 2002 (¹0⁰)
453 1974 506 1998 vid.
517 1974 626 1999 Nanurk.
639 1976 745 1998 Verlma.
757 1980 798 1998 νιι
809 1975 922 2002 Hannon,
936 1974 983 1998 VII.
998 1976 1056 1998 Deel
1071 1980 1092 1998 1.
1103 1977 1135 1999 st.
1163 1975 1218 1998 om
1234 1975 1259 1996 de
1269 1974 1408 2004 woetfu'ghg
1421 1981 1462 1997 nn·
1474 1973 1514 1995 Ἰιη
1525 1973 1660 2001 Reum-om
1671 1969 1720 1994 dur
1729 1970 1765 1994 Μ
1774 1968 1845 1998 bunt,

331 2018 385 2046 pz-
400 2019 448 2043 ux.
