1940 2474
208 169 260 217 &38
529 166 1384 202 ,ABRAHAMLCAPADUGR

214 279 218 283 .
258 258 325 288 Tali
347 255 456 286 ratione
483 264 537 285 nec
563 255 728 285 Chemicam
752 255 912 285 affinitatem
944 264 998 292 pro
1022 255 1105 285 unica
1133 255 1322 294 generationis
1343 253 1515 291 aequivocae
1537 255 1624 284 causa
1643 261 1733 295 pone-

215 318 269 346 te,
291 317 342 338 nec
363 317 414 345 per
437 316 511 337 mare
531 309 641 337 aereum
661 308 896 338 circumnatantia
919 307 1082 337 animalium
1105 307 1260 344 primordia
1281 309 1656 342 assumere‚'necesse'est.

261 360 402 390 Videmus
426 368 461 389 ex
484 360 564 390 hisce
580 361 690 390 nullam
705 360 824 390 secundi
848 359 936 397 hujus
955 360 1117 396 *argumenti
1137 363 1248 397 partem
1267 359 1475 389 Chemieorum
1489 358 1645 388 Theotiam
1662 362 1733 390 ‚eom

215 406 339 443 fiffirare.
1397 420 1399 422 ·
1678 412 1691 423 '⁷

219 476 239 477 ‘⁷
257 464 472 502 Argumentum
488 464 618 493 Tertium
640 464 768 498 docens,
789 472 824 492 ca
845 463 960 499 omnia,
981 472 1056 501 quae
1070 463 1424 492 cohaefionem‘mortuam
1440 461 1489 492 vel
1503 463 1600 500 potius
1619 462 1734 492 univer-

214 516 307 546 aulem
327 523 454 554 augent,
476 525 584 554 angere
607 525 716 554 quoque
736 515 926 543 cohaesionem
948 516 979 542 in
996 515 1163 553 corporibus
1181 517 1254 545 vivis
1276 521 1302 542 et
1321 515 1425 543 contra
1445 522 1479 542 ea
1499 519 1527 542 et
1546 523 1570 542 5.
1583 514 1627 553 Ρ.·
1720 514 1725 516 '

256 567 453 597 phaenomena
477 568 533 596 hoc
559 567 588 597 in
613 573 780 604 argumento
801 567 927 603 prolata,
948 574 1008 595 non
1030 567 1154 603 neganda
1171 566 1290 602 utique,
1308 575 1360 603 pro
1383 565 1493 594 theoria
1509 565 1543 593 de
1559 566 1618 601 qua
1637 565 1734 602 agitur

215 618 311 658 primo
335 619 448 655 quidem
470 619 580 648 intuitu
605 627 732 656 pugnare
755 618 899 648 videntur.
939 618 1054 647 Interim
1080 617 1281 654 distinguenda
1307 624 1376 646 sunt
1401 626 1486 646 causa
1510 616 1628 645 unionis
1655 616 1736 652 prin·-

212 670 359 706 cipiorum
383 677 410 699 et
434 680 521 700 causa
542 671 736 700 cohaesionis.
786 670 894 699 Poterit
920 670 1055 699 cohaesio
1078 669 1198 706 pendere
1220 677 1254 698 ex
1277 669 1307 698 vi
1332 669 1488 703 Chemicfl,
1509 675 1565 704 qua
1594 666 1739 704 principia

218 730 329 758 corpus
353 722 561 751 constituentia
581 723 610 751 in
628 731 658 751 se
682 722 803 751 invicem
818 727 927 758 agunt,
951 721 1082 756 quamvis
1098 721 1164 749 inde
1186 729 1245 750 non
1266 727 1422 756 sequatur,
1443 720 1506 756 ipsa
1521 719 1568 748 illa
1590 717 1737 756 principia

213 779 251 802 ex
274 773 361 802 simili
384 773 522 802 Chemica
550 774 580 802 vi
602 782 665 802 esse
694 773 867 809 conjuncta:
900 771 966 800 haec
994 780 1060 800 cum
1087 771 1126 800 ita
1148 771 1226 806 sint,
1255 772 1372 808 proprie
1399 771 1546 807 loquendo
1572 771 1628 798 hoc
1654 776 1738 806 argtu-

213 830 343 853 mentum
367 825 402 853 ad
429 823 624 859 quaestionem
653 832 713 852 non
740 823 825 851 facit:
857 823 1009 858 Phosphas
1034 822 1143 857 calcis,
1172 830 1202 850 v.
1221 830 1270 859 gf,
1298 823 1400 858 utique
1423 831 1456 850 ex
1484 822 1623 850 Chemica
1648 819 1736 850 causa

214 884 324 912 corpus
347 875 460 903 firmum
483 874 615 910 exhibet3
639 874 751 902 sedhic
776 873 943 909 quaeritur,
966 874 1114 909 quomodo
1134 873 1169 900 ab
1186 874 1244 900 una
1261 879 1340 908 parte
1362 873 1475 901 acidum
1502 871 1735 909 phosphoricum

212 935 250 956 cx
272 927 445 964 phosphoro
474 932 502 954 et
528 925 671 962 oxygonio
698 925 843 960 fometur‚
869 931 897 953 et
925 925 981 953 hoc
1008 925 1074 953 dum
1100 924 1255 953 formatum
1275 931 1317 952 est
1339 924 1374 952 ad
1397 931 1497 953 terram
1522 924 1676 952 calcaream
1693 929 1738 952 ao·-

211 979 306 1008 cedat.
347 978 431 1007 Nihil
451 978 482 1007 in
500 977 556 1006 hoc
581 983 748 1014 argumento
774 977 921 1012 occurrit,
944 977 1024 1013 quod
1045 976 1084 1005 ita
1102 975 1217 1005 videtur
1234 976 1403 1011 ostendere,
1430 975 1506 1005 illam
1528 975 1739 1013 generationem

213 1037 251 1059 ex
272 1031 334 1059 sola
358 1031 462 1059 horum
483 1029 692 1066 principiorum
717 1028 956 1059 constituentium
981 1028 1118 1058 Chemicss
1138 1027 1259 1057 efficacia
1281 1029 1412 1064 pendere.

254 1081 470 1120 Argumentum
492 1082 664 1119 Quartum,
693 1082 728 1110 de
753 1081 890 1111 chemicn
910 1080 1103 1117 potentiarum
1128 1081 1294 1109 nocentium
1318 1080 1430 1108 actione
1454 1079 1483 1108 in
1511 1086 1620 1116 corpus
1641 1078 1740 1108 huma·

215 1140 308 1169 num,
329 1134 412 1162 talem
435 1134 585 1163 earundem
602 1133 704 1162 seriem
720 1133 853 1168 exhibet,
877 1139 931 1168 ut,
954 1133 1021 1161 licet
1037 1132 1128 1169 primii
1151 1132 1246 1161 fronte
1261 1140 1322 1160 sese
1338 1132 1556 1167 commendent,
1578 1130 1740 1160 accuratius

216 1189 310 1214 tamen
332 1186 367 1214 ad
388 1194 502 1215 examen
524 1193 644 1215 vocatae
666 1185 715 1214 vix
738 1185 896 1221 quidquam
917 1184 1037 1221 probare
1062 1184 1220 1213 videantur.
1261 1183 1308 1212 Ne
1330 1183 1376 1212 hic
1391 1190 1564 1218 memorem,
1591 1191 1663 1220 quae
1681 1183 1740 1220 jam

217 1236 325 1274 passim
347 1237 451 1274 Capite
469 1237 564 1274 primo
581 1238 718 1266 adversus
741 1237 900 1274 singulares
923 1237 1036 1272 theses,
1057 1237 1091 1265 ad
1114 1237 1170 1265 hoc
1192 1242 1390 1273 argumentum
1415 1236 1609 1271 pertinentes,
1635 1233 1740 1269 attuli,

217 1295 272 1317 nec
292 1297 342 1324 ea,
365 1297 439 1324 quae
454 1289 513 1317 illis
531 1289 646 1324 penitus
663 1288 823 1324 contraria,
839 1288 943 1325 Capite
962 1294 1099 1323 sequente
1115 1294 1284 1324 argumento
1302 1288 1402 1322 tertio,
1421 1295 1455 1315 ex
1472 1286 1607 1316 universa
1624 1290 1742 1314 naturae

215 1339 345 1368 animalis
374 1340 619 1376 contemplatione
641 1340 777 1375 exhibui;
800 1348 877 1368 nunc
903 1340 986 1367 liceat
1011 1339 1039 1367 in
1061 1347 1161 1375 genere
1184 1345 1294 1367 tantum
1321 1339 1489 1373 observare,
1519 1337 1600 1373 quod
1623 1335 1740 1370 omnia,

217 1398 292 1426 quae
311 1397 377 1418 vera
400 1389 449 1418 hic
474 1398 535 1418 esse
566 1396 714 1426 possunt,
746 1391 780 1418 ad
806 1399 952 1418 summum
980 1389 1053 1417 nihil
1077 1390 1156 1418 aliud
1183 1390 1325 1426 probent,
1356 1398 1441 1425 quam
1466 1388 1545 1424 quod
1568 1390 1738 1422 argumento

216 1441 312 1477 primo
330 1441 386 1477 jam
408 1440 466 1469 fuit
487 1442 617 1476 dictum,
643 1441 726 1470 nullo
747 1442 833 1469 modo
854 1450 942 1478 posse
957 1441 1039 1469 silere
1056 1440 1203 1469 affinitates
1221 1439 1374 1468 chemicas
1389 1437 1599 1474 principiorum
1623 1442 1741 1464 naturae

214 1500 393 1529 corporum,
415 1493 532 1528 illisque
555 1501 666 1529 semper
688 1492 783 1521 locum
808 1501 870 1521 esse
890 1493 1007 1527 debere,
1031 1493 1167 1528 quamdiu
1190 1492 1258 1520 haec
1283 1490 1424 1527 principia
1444 1488 1590 1523 existunt,
1612 1493 1640 1516 et
1662 1487 1691 1515 in
1709 1493 1740 1515 se

215 1543 338 1572 invicem
361 1552 441 1581 agere
463 1551 601 1581 possunt.
642 1545 682 1573 At
705 1553 771 1573 vero
790 1544 836 1572 hic
856 1544 911 1573 loc-i
937 1544 1103 1580 quaeritur,
1129 1551 1225 1572 utrum
1248 1543 1313 1571 talis
1331 1542 1378 1570 hic
1401 1541 1494 1569 valeat
1516 1539 1632 1575 sequela
1648 1539 1682 1567 acl
1704 1537 1738 1566 li-

219 1601 275 1624 tem
291 1597 543 1632 componendam?
566 1603 593 1625 et
611 1596 668 1625 hoc
689 1603 734 1624 est
756 1596 835 1631 quod
855 1596 967 1624 videtur
982 1596 1153 1632 negandum.
1194 1594 1264 1623 Non
1285 1593 1358 1622 enin]
1378 1591 1542 1629 quaeritur,
1568 1597 1663 1619 utrum
1682 1589 1738 1619 affi-

216 1645 292 1675 nitas
310 1647 448 1676 Chemica
469 1647 578 1683 aliquid
600 1647 685 1676 saciat
706 1647 741 1676 ad
763 1647 905 1683 principia
927 1648 1060 1684 corporis
1082 1647 1141 1676 vivi
1164 1646 1327 1683 jungenda,
1347 1652 1446 1673 verum
1470 1652 1505 1672 an
1527 1643 1595 1671 haec
1619 1641 1680 1671 sola
1700 1639 1739 1669 sit

219 1695 298 1724 illius
320 1698 437 1726 unionis
461 1707 567 1734 causa,
588 1699 627 1727 ita
652 1705 684 1726 ut
705 1699 785 1727 nulla
803 1699 857 1727 alia
896 1708 912 1727 a
931 1699 961 1728 vi
989 1699 1195 1736 qualicumque
1217 1697 1371 1727 eorundem
1393 1695 1602 1733 principiorum
1620 1691 1737 1722 Chemi-

218 1749 269 1781 cal,
291 1753 378 1783 atque
397 1749 466 1777 adeo
487 1757 546 1778 non
571 1750 658 1784 viva,
682 1749 792 1778 diversa
813 1751 938 1779 accedat.
987 1751 1174 1787 Responsum
1197 1758 1231 1779 ex
1250 1748 1425 1787 argumentis
1443 1745 1546 1782 Capite
1558 1745 1648 1774 altero
1669 1744 1737 1780 proi

215 1797 280 1825 latis
299 1804 388 1834 patet.

255 1849 310 1877 Pro
335 1849 474 1879 sententia
498 1849 725 1887 Dynamicorum
750 1852 805 1881 hoc
837 1853 927 1882 altero
957 1851 1061 1890 Capite
1083 1852 1243 1882 afferuntur
1268 1851 1321 1881 tria
1352 1856 1535 1889 argumenta,
1565 1847 1608 1877 vel
1632 1844 1734 1884 potius

214 1907 444 1935 argumentorum
467 1901 582 1939 Capita.
1716 1909 1719 1912 ’

254 1950 466 1988 Argumentum
486 1953 618 1983 Primum
636 1955 750 1991 arguit,
774 1955 852 1991 quod
868 1955 929 1984 vita
947 1955 1061 1984 sublata
1082 1955 1175 1985 omnis
1194 1954 1242 1983 iiia
1263 1952 1470 1990 principiorum
1491 1944 1732 1985 corporis·mod6

214 2000 338 2032 viventis
359 2005 548 2042 conjunctio,
567 2012 668 2043 agente
692 2015 771 2036 nunc
797 2006 931 2037 affinitate
947 2007 1108 2043 chemin,
1130 2015 1201 2042 quae
1216 2006 1289 2034 inter
1309 2004 1375 2033 illos
1397 2009 1460 2037 est,
1482 2000 1562 2036 som,
1584 1996 1731 2033 turbet-ur,

1703 2055 1731 2077 et
