1940 2474
256 163 284 205 ἐ
537 169 576 202 G.
661 171 689 203 J.
779 173 812 204 c.
901 182 1011 208 vin
1098 179 1487 217 MAssow

256 253 408 288 deponenti
434 257 479 284 vel
506 257 698 286 commodanti
719 258 841 294 primum
865 260 994 296 reddere,
1024 269 1056 290 ut
1083 265 1181 294 deinde
1203 267 1254 295 tibi
1279 277 1311 297 ex
1334 279 1418 299 causa
1442 272 1588 303 Emtionis
1613 277 1758 314 tradatur,

254 304 304 331 sed
324 305 470 342 sufficere,
492 316 547 336 rem
570 308 645 336 illam
670 310 747 345 apud
769 316 797 338 te
821 319 946 347 manere,
968 319 995 341 et
1017 322 1070 350 pro
1094 317 1195 345 tradita
1218 319 1324 348 haberi.
1365 321 1441 351 Haec
1460 323 1589 353 Traditio
1614 332 1682 356 tunc
1705 338 1756 358 vo-

253 360 334 382 catur
355 358 447 385 Fictio
467 358 547 387 brevi
566 368 665 389 marm.
706 360 767 389 Nec
786 361 858 390 illud
882 363 1055 400 requiritur,
1085 373 1115 394 ut
1138 369 1235 398 statim
1262 379 1296 399 ex
1320 372 1414 408 aliqua
1441 374 1518 410 justa
1543 380 1629 405 causa
1650 378 1756 408 oriatur

253 403 401 442 Traditio,
424 409 473 437 sed
495 409 648 446 aliquando
673 412 797 448 sufficit,
820 413 843 441 si
865 422 907 443 res
933 415 1143 447 tradit-affluerit
1164 420 1225 449 sine
1245 430 1350 458 causa,
1373 433 1445 459 quae
1463 426 1541 454 mida
1564 428 1687 456 traditio
1703 438 1754 458 vo-

248 463 349 492 catur,
372 459 527 490 dummodo
547 461 589 490 illi
609 464 699 491 nudae
719 464 879 493 Traditioni
904 468 1018 496 accedat
1038 468 1134 504 aliqua
1156 479 1258 507 causa,
1280 474 1314 502 ad
1335 475 1559 505 transferendum
1584 478 1755 509 Dominiunr

248 505 366 544 idonca3
389 510 429 539 ita
451 518 483 539 ut
504 512 650 548 Traditio,
673 523 744 550 quae
762 515 884 551 primum
907 517 1032 546 inefficax
1050 527 1123 555 erat,
1146 530 1179 550 ex
1201 531 1286 552 causa
1308 527 1456 554 accedente
1477 528 1572 556 efficax
1595 530 1652 558 fiat.
1695 531 1749 560 Sed

241 556 303 586 hoc
328 560 432 589 clarius
456 562 511 591 ita:
535 563 604 592 Tibi
630 566 730 594 tradita
752 573 796 595 est
818 575 877 602 res,
899 567 954 596 sub
971 568 1153 600 venditionis
1171 575 1354 611 conditio11e3
1378 578 1514 612 quamdiu
1535 588 1577 608 res
1595 580 1643 609 illa
1656 582 1752 611 vendi-

247 613 276 635 ta
295 617 354 638 non
377 619 437 647 est,
459 615 551 643 adhuc
573 615 702 645 Traditio
725 617 776 645 erit
793 619 886 653 nuda3
909 618 969 647 sin!
978 628 1044 648 vero
1069 621 1204 653 Venditio
1230 632 1329 660 postea
1354 635 1452 656 secuta
1475 629 1530 664 sit,
1552 637 1620 661 tunc
1639 633 1751 661 demum

245 658 293 687 illa
312 662 401 696 prima
425 664 572 702 Traditio,
601 677 672 702 quae
692 670 726 697 ad
749 669 971 699 transferendum
994 672 1162 702 Dominium
1185 682 1212 704 et
1240 677 1452 714 Usticapionem
1476 680 1602 711 inefficax
1622 691 1694 719 erat,
1710 693 1750 715 >ex

239 717 342 740 secuta
364 714 536 745 Venditioue
553 718 648 747 efficax
671 720 722 756 fit,
743 729 770 748 et
791 729 824 749 ex
844 729 874 750 ea
898 722 981 750 datur
1004 722 1181 753 Publiciana.
1222 726 1309 756 Hunc
1334 719 1397 757 esse
1417 738 1534 760 sensum
1555 732 1592 760 L.
1611 742 1640 769 9.
1661 734 1690 769 §-
1709 742 1748 769 2,

243 761 376 792 arbitror.
786 770 792 773 ‘
1714 791 1718 795 ·

278 811 417 849 Sequitur
438 825 513 848 nunc
537 822 667 861 quaestio
688 825 771 859 plane
794 825 965 861 singularis,
994 827 1027 856 de
1049 828 1200 858 hereditate
1221 834 1351 869 vendita,
1382 843 1416 863 an
1440 835 1551 864 seilicet
1574 835 1618 870 is,
1641 835 1691 870 qui
1712 842 1747 862 ex

240 864 392 896 hereditate
413 877 504 906 emta,
533 881 589 901 rem
614 874 670 903 sibi
695 876 825 905 traditam
855 877 908 912 (id
931 878 959 905 iu
989 879 1089 914 primis
1111 882 1286 919 requiritur)
1313 885 1457 920 amiserit,
1486 886 1678 913 Publicianam
1699 886 1748 913 ha—

239 914 320 945 beat?
342 919 397 947 Sed
417 929 531 956 quaeret
553 925 635 961 quis,
658 935 744 962 quare
764 927 787 955 ei
816 928 999 964 denegaretur
1021 930 1204 966 Publiciana,
1234 933 1374 969 siquidem
1396 934 1426 962 b.
1450 934 1472 962 f.
1501 941 1529 962 et
1554 935 1684 963 Traditio
1702 935 1744 963 in-

236 970 423 1007 tervenerint,
445 974 572 1011 adeoque
589 978 701 1013 omnia,
724 987 797 1014 quae
816 980 843 1007 in
858 980 1022 1009 Publiciana
1043 983 1246 1019 requiruntur,
1269 985 1384 1013 adsint?
1408 985 1596 1020 Respondeo,
1619 985 1689 1013 hanc
1706 985 1744 1014 ob

234 1025 350 1048 eausam
374 1023 421 1050 tali
447 1023 571 1054 Emtori·
587 1029 775 1066 denegandam
800 1031 889 1059 videri
909 1032 1121 1070 Publicianam,
1145 1037 1280 1071 quoniam
1308 1037 1421 1065 vendita
1446 1037 1598 1065 hereditate
1626 1043 1742 1071 omnes,

236 1081 308 1108 quae
332 1077 386 1105 sub
408 1078 568 1110 Hereditate
591 1085 791 1121 continentur,
817 1094 861 1114 res
890 1086 975 1115 simul
1001 1085 1181 1122 venduntur,
1203 1096 1262 1115 non
1278 1096 1344 1117 vero
1362 1089 1527 1116 venduntur
1551 1087 1680 1124 singulae
1700 1095 1744 1117 res

233 1122 265 1153 in
279 1125 458 1167 Hereditate;
482 1139 509 1161 et
528 1142 616 1169 quum
640 1136 744 1165 Emtor
764 1137 924 1166 hereditatis
948 1147 1006 1166 non
1024 1138 1123 1165 habeat
1144 1139 1283 1167 actionem
1304 1139 1467 1167 Evictionis
1490 1139 1624 1174 nomine,
1645 1139 1743 1168 adver·

233 1181 284 1204 sus
301 1179 492 1218 venditorem,
514 1186 614 1215 evictis
640 1188 761 1225 singulis
785 1189 869 1217 rebus
891 1189 1082 1223 hereditariis,
1105 1189 1168 1225 (L.
1194 1199 1219 1217 1.
1244 1190 1275 1218 C.
1298 1190 1332 1218 tle
1352 1190 1475 1228 Evict.)
1497 1190 1579 1220 etiam
1600 1199 1657 1219 non
1674 1198 1744 1218 con-

232 1227 354 1259 cedenda
378 1232 492 1263 videtur
512 1236 677 1267 Publiciana
696 1239 809 1268 Emtori
832 1240 1014 1275 hereditatis,
1036 1241 1137 1269 amissa
1154 1243 1272 1276 quadam
1292 1250 1321 1270 rc
1334 1251 1369 1280 ex
1392 1242 1554 1270 hereditate.
1596 1242 1649 1270 Sed
1664 1241 1743 1269 aliud

231 1279 332 1306 statuit
354 1282 520 1321 Neratius,
543 1288 609 1322 quia
633 1290 747 1318 vendita
773 1291 946 1327 hereditate,
969 1301 1067 1321 onir-res
1093 1301 1136 1320 res
1160 1293 1359 1328 hereditariae,
1383 1302 1454 1328 quas
1473 1292 1613 1320 Venditor
1627 1291 1741 1320 Emtori

232 1328 338 1356 tradere
356 1331 457 1368 debet,
486 1336 548 1370 (L.
575 1347 618 1372 14.
641 1341 669 1374 §.
695 1350 720 1368 1.
738 1341 775 1376 ff.
799 1342 832 1369 de
852 1343 950 1371 hored.
975 1344 1020 1371 rcl
1038 1348 1108 1373 act:
1140 1345 1240 1381 't-ml.)
1269 1353 1320 1380 pro
1354 1345 1448 1372 Emtis
1479 1344 1621 1372 habendae
1651 1350 1738 1378 sunt,

226 1382 314 1409 secus
333 1390 364 1411 ac
386 1392 429 1412 res
457 1393 487 1413 se
508 1385 593 1415 habet
616 1389 644 1416 in
664 1388 829 1416 Evictione.
871 1389 1035 1424 Denegatur
1055 1395 1128 1421 enim
1154 1395 1272 1421 Evictio
1296 1394 1409 1422 Emtori
1434 1393 1616 1425 hereditatis,
1637 1393 1738 1421 evictis

229 1428 351 1466 singulis
372 1435 456 1464 rebus
478 1437 671 1474 hereditariis,
695 1439 851 1475 quoniam,
876 1439 989 1467 vendita
1010 1439 1183 1474 hereditate,
1206 1438 1233 1466 id
1254 1438 1347 1474 agitur
1365 1438 1435 1466 inter
1452 1439 1599 1468 Emcntem
1615 1449 1641 1469 et
1663 1442 1738 1471 Ven-

227 1479 359 1519 dentetn‚
387 1493 420 1514 ut
439 1488 542 1517 Emtor
565 1498 657 1526 neque
678 1492 821 1527 amplius,
851 1499 943 1526 neque
962 1491 1057 1518 minus
1080 1489 1152 1526 juris
1174 1489 1293 1524 habeat,
1323 1498 1407 1524 quam
1435 1498 1522 1525 penes
1544 1492 1669 1521 heredem
1692 1493 1737 1522 su·
1758 1538 1760 1541 .

223 1537 324 1562 turum
347 1544 441 1574 esset3
464 1540 563 1576 atqui,
585 1542 610 1569 si
632 1551 675 1571 res
704 1543 795 1570 evicta
818 1551 876 1571 non
900 1544 939 1572 sit
958 1553 1000 1572 res
1025 1543 1209 1577 hereditaria,
1231 1550 1289 1570 non
1313 1548 1411 1577 potest
1429 1542 1532 1570 Emtor
1554 1544 1587 1571 de
1606 1544 1736 1573 Eric-tio-

225 1591 261 1612 ne
281 1594 379 1622 agere,
402 1590 537 1624 quoniam
560 1601 603 1621 res
627 1593 822 1629 hereditariae,
845 1603 903 1623 non
925 1602 1016 1622 autem
1040 1594 1109 1622 aliae
1131 1602 1339 1629 quaecunque,
1363 1593 1491 1621 venditae
1515 1600 1602 1630 sunt,
1629 1596 1662 1624 de
1683 1596 1731 1625 iis-

226 1641 283 1668 que
305 1639 375 1667 solis
393 1649 473 1677 agere
492 1649 588 1678 potest
613 1644 726 1673 Emtor.
768 1645 818 1673 Sin
844 1655 910 1674 vero
935 1654 1027 1674 revera
1053 1645 1089 1673 sit
1109 1654 1153 1673 res
1176 1644 1358 1678 hereditaria,
1381 1652 1452 1679 quae
1471 1644 1631 1679 evincitur,
1661 1653 1730 1676 tune

223 1693 276 1721 Pssl'
296 1687 513 1722 imprudentiam
539 1701 587 1722 aut
619 1704 740 1724 errorem
770 1696 877 1733 judicis
908 1697 1067 1732 evincitur,
1096 1703 1122 1724 et
1148 1695 1212 1725 iude
1237 1696 1369 1723 damnum
1393 1695 1498 1724 sentire
1519 1696 1650 1725 venditor
1672 1704 1731 1725 non

222 1739 415 1775 praesumitur
434 1740 473 1768 L.
496 1749 541 1776 51.
565 1745 599 1770 de
620 1745 718 1773 Erice.
741 1753 767 1774 ει
788 1747 868 1784 dupl.
892 1749 966 1785 Stip.

261 1791 395 1819 Diximus
420 1791 449 1819 in
476 1793 652 1828 explicandis
673 1796 769 1824 verbis
799 1797 913 1833 Edicti‚
940 1799 1133 1826 Publicianam
1168 1799 1224 1826 dari
1254 1799 1388 1826 adversus
1411 1799 1473 1834 jure
1494 1797 1631 1825 deteriore
1660 1806 1728 1833 pos—

223 1841 371 1870 sidentem.
413 1843 556 1881 Ulpianus
580 1845 633 1873 hoc
660 1845 755 1875 fusius
782 1848 900 1883 exponit
931 1849 958 1877 in
980 1851 1008 1885 §-
1031 1859 1058 1884 4.
1088 1849 1208 1877 reserens
1228 1849 1351 1885 Jxalsam'
1371 1848 1536 1876 stutentiam
1560 1849 1616 1903 hac·
1632 1848 1726 1903 dere.

224 1892 254 1920 Si
275 1895 366 1922 eadem
392 1902 434 1923 res
455 1903 469 1923 a
487 1904 546 1924 non
569 1896 696 1925 Domino
714 1898 828 1926 duobus
855 1900 1003 1934 separatim
1031 1900 1143 1928 vendita
1163 1901 1321 1935 traditaque
1339 1899 1441 1931 futrit,
1464 1899 1540 1934 prini-
1557 1906 1652 1933 potior
1665 1906 1727 1934 Jure

221 1944 292 1978 erit,
314 1945 342 1972 id
365 1952 423 1979 est,
444 1954 502 1974 non
525 1947 618 1975 solum
638 1948 830 1977 Publicianam
856 1950 1005 1979 instituere
1028 1958 1124 1986 potest
1145 1951 1278 1978 adversus
1309 1950 1379 1977 alios
1404 1957 1611 1983 quoscunque,
1639 1949 1721 1977 nullo

219 1994 281 2030 jure
302 1995 504 2033 possidentes,
525 1998 575 2027 sed
592 2005 618 2026 ct
642 2001 799 2029 secundum
824 2000 900 2029 illam
919 2002 1066 2031 limtorem
1086 2001 1239 2031 convenire
1257 2008 1364 2037 potest.
1405 2000 1445 2030 Et
1461 2008 1525 2028 sane
1541 1999 1611 2028 ratio
1628 2006 1721 2077 al‘fflta

1667 2057 1696 2077 cs
1714 2068 1721 2077 .
