1960 2500
283 172 339 213 '26
737 164 771 214 J.
830 174 958 202 VAN
1013 164 1354 203 VOORST

282 276 360 314 cat,
388 275 421 303 et
453 264 656 314 Religionis
683 263 967 312 professionem,
996 264 1043 301 ad
1076 265 1281 314 exemplum
1313 264 1493 313 Principis
1491 292 1516 312 „
1543 265 1679 314 passim
1706 266 1743 302 in
1771 277 1811 305 re

286 329 512 368 sanctissima
530 325 692 374 improbe
713 326 898 373 ludentis,
916 326 1090 363 simulare
1107 326 1224 376 jubet.
1262 328 1334 364 Sed
1355 340 1433 364 ecce
1455 328 1552 363 alius
1573 328 1680 363 animi
1700 328 1810 365 Prin*

288 394 384 441 cipes
402 390 543 429 foedere
564 389 702 436 juncti,
732 396 913 437 reportata
933 389 1086 426 victoria
1115 390 1262 426 minime
1286 390 1394 436 elati,
1422 388 1581 427 sublatis
1608 389 1644 424 in
1667 390 1809 432 eoelum

291 453 407 490 oculis
430 452 631 499 animisque
643 479 655 497 ,
684 450 778 486 bona
802 463 970 500 quaeque
997 459 1030 486 et
1048 451 1170 487 fausta
1185 459 1218 487 et
1236 451 1357 488 felicia
1376 452 1458 489 Deo
1476 464 1513 488 se
1531 451 1681 497 debere,
1704 463 1810 500 aper-

289 523 323 557 te
341 527 382 549 ac
399 513 521 562 palam
538 512 774 562 profitentur,
788 521 821 549 et
837 513 999 560 inhujus
1016 513 1069 549 rei
1086 514 1293 550 memoriam
1308 515 1584 565 religiosissimo
1603 527 1641 550 se
1657 514 1812 556 invicem

289 576 433 615 foedere
454 576 725 625 constringunt,
749 583 783 612 et
809 575 1018 612 universam
1037 576 1179 624 imperii
1197 577 1372 614 rationem
1389 577 1534 627 legibus
1552 591 1593 613 ac
1612 576 1814 625 praeceptis

290 637 496 686 Religionis
506 637 739 674 Christianae
749 637 915 686 alligant.
945 638 1002 675 An
1015 637 1133 674 fallax
1143 639 1188 674 sit
1199 651 1281 687 spes
1291 668 1303 685 ‚
1317 639 1506 689 Principes
1516 640 1615 685 illos,
1628 638 1819 675 sanctissi-

292 712 352 736 mo
369 700 509 748 imperii
529 703 562 735 et
581 700 783 748 Religionis
799 700 974 736 resarcito
991 708 1024 736 et
1053 701 1227 738 adstricto
1244 702 1417 748 vinculo,
1445 714 1521 737 rem
1544 701 1714 750 optimam
1736 700 1818 751 dig·
1856 744 1861 750 ,

292 761 441 797 nissime
469 769 672 807 tutaturos‚
700 761 882 811 eidemque
912 762 958 798 ad
987 763 1017 810 ej
1025 775 1067 798 us
1098 765 1387 802 conservandum
1417 764 1529 801 decus
1556 772 1590 800 et
1621 763 1817 809 honorem,

295 831 432 872 quanta
444 825 587 872 possint
600 836 688 860 cura
703 831 736 860 et
753 824 943 873 vigilantia
953 853 964 870 ,
977 835 1234 875 prospecturos
1252 834 1286 862 et
1306 827 1539 863 consulturos
1552 839 1563 873 3
1582 833 1821 874 mutuamque

294 885 458 933 ipsorum
469 913 482 932 ,
493 886 634 922 nullam
652 899 726 922 rem
742 894 899 934 optatam
911 887 987 923 sine
995 887 1077 924 Deo
1088 889 1363 937 suscipientium
1372 918 1386 936 ,
1399 897 1432 926 et
1441 889 1567 938 populi
1586 899 1668 925 cum
1679 885 1822 922 Princi—

296 945 407 995 pibus
420 948 511 992 suis,
523 947 634 983 rebus
645 948 735 983 bene
745 948 873 996 gestis,
885 949 1082 986 inlaudum
1091 950 1163 986 Dei
1176 952 1379 988 societatem
1390 950 1629 987 libentissime
1644 947 1822 995 coeuntis,

295 1007 460 1044 futuram
479 1021 557 1045 esse
583 1010 883 1056 aemulationem,
911 1017 944 1045 et
971 1011 1018 1047 ad
1036 1013 1232 1048 eorundem
1254 1013 1462 1060 exemplum
1491 1011 1744 1059 cujuscunque
1763 1019 1826 1055 σι’,-

296 1069 393 1107 dinis
418 1070 541 1118 cives,
577 1069 718 1108 nobiles
752 1079 860 1121 atque
891 1071 1096 1121 ignobiles,
1131 1074 1303 1121 patricios
1336 1082 1370 1111 et
1391 1073 1582 1122 plebeios,
1605 1072 1743 1109 'doctos
1766 1070 1825 1106 in-

297 1130 516 1181 doctosque,
545 1146 624 1170 cum
653 1132 809 1170 ducibus
836 1134 916 1170 suis
941 1134 1100 1181 milites,
1127 1136 1346 1184 quarumvis
1373 1135 1507 1172 artium
1527 1147 1570 1170 ac
1592 1134 1827 1175 scientiarum

296 1195 492 1243 magistros
512 1208 583 1232 una
602 1209 686 1232 cum
705 1195 920 1244 disciplinae
939 1209 1027 1233 suae
1045 1196 1226 1245 alumnis,
1254 1211 1327 1234 uno
1347 1211 1409 1234 ore
1437 1209 1560 1234 omnes
1580 1208 1663 1233 cum
1684 1194 1829 1232 Princi-

298 1255 411 1304 pibus
440 1258 517 1294 suis
547 1260 666 1303 cives,
696 1258 914 1295 immortalis
941 1258 1014 1295 Dei
1044 1271 1081 1296 se
1108 1268 1142 1296 et
1162 1260 1396 1309 professuros
1421 1259 1718 1309 etz-praestituros
1747 1268 1828 1294 esse

300 1318 488 1356 cultores?
538 1319 644 1355 Mille
662 1320 780 1356 modis
798 1320 969 1369 impedito
986 1329 1020 1356 et
1043 1321 1214 1371 depresso
1241 1323 1312 1359 Dei
1339 1323 1459 1359 cultui
1484 1334 1576 1357 suus
1598 1321 1729 1369 jamin
1748 1319 1829 1355 Eu-

302 1387 392 1426 ropa
410 1381 553 1416 restitui
575 1382 692 1429 coepit
710 1381 845 1428 honos,
875 1383 922 1418 ad
940 1395 1047 1431 quem
1059 1410 1072 1429 ,
1099 1393 1207 1432 prout
1225 1385 1283 1420 sas
1302 1386 1438 1434 jusque
1457 1392 1533 1429 est,
1547 1380 1826 1426 sustinendum,

304 1447 338 1474 et
355 1442 502 1490 antiqua
522 1443 725 1478 instaurata
748 1452 830 1479 sunt
849 1444 1012 1480 instituta
1025 1472 1038 1491 ,
1067 1454 1101 1482 et
1118 1459 1235 1483 novae
1251 1446 1428 1496 pluribus
1448 1446 1539 1482 locis
1567 1444 1726 1480 sancitae
1745 1447 1830 1478 sunt

302 1500 402 1550 leges
421 1505 569 1539 summis
590 1503 762 1540 laudibus
779 1504 1031 1544 celebrandae.

354 1564 458 1607 Quid
482 1578 550 1601 non
571 1566 730 1614 amplius
750 1565 795 1602 ab
816 1567 876 1602 his
898 1567 1135 1616 Principibus
1159 1580 1227 1617 pro
1246 1568 1453 1620 Religionis
1481 1579 1590 1605 causa
1621 1576 1768 1614 sperare
1785 1563 1834 1600 li-

308 1625 415 1662 ceat'?
468 1627 566 1663 Num
598 1641 733 1665 vanum
763 1629 809 1664 sit
839 1629 949 1665 animi
987 1631 1264 1678 praesentientis
1301 1640 1335 1668 et
1366 1640 1541 1680 tanquam
1568 1626 1834 1677 praesagientis

312 1687 505 1735 augurium
521 1717 532 1734 ,
562 1690 665 1724 etiam
693 1691 872 1740 insignem
891 1691 990 1727 hunc
1016 1694 1052 1728 in
1076 1693 1282 1742 Religionis
1315 1705 1463 1730 causam
1483 1704 1527 1727 ex
1552 1689 1746 1726 manifesto
1772 1700 1833 1723 eo-

311 1757 391 1782 rum
413 1751 596 1798 proposito
610 1751 903 1790 redundaturum
924 1766 1001 1790 esse
1023 1755 1208 1801 fructum,
1229 1767 1270 1792 ut
1289 1756 1411 1792 minus
1429 1755 1594 1805 humana?
1608 1753 1646 1789 in
1662 1747 1832 1787 Australi

313 1810 467 1846 maxime
494 1813 662 1861 Europae
687 1823 790 1862 parte
809 1815 928 1852 adhue
955 1817 1113 1865 vigentia
1138 1819 1303 1855 instituta
1330 1818 1473 1854 tandem
1491 1806 1709 1864 aliquando,
1738 1824 1833 1848 una-

312 1870 399 1906 nimi
418 1875 576 1910 omnium
600 1876 750 1912 consilio
765 1885 799 1912 et
816 1879 1049 1925 auctoritate,
1073 1878 1315 1929 abrogentur,
1344 1889 1378 1916 et
1410 1888 1451 1916 ut
1478 1877 1670 1915 liberalior
1690 1875 1749 1911 hic
1774 1879 1832 1909 at-

314 1944 384 1979 que
403 1934 480 1970 illie
499 1949 668 1976 enascens
701 1952 830 1976 sensus
855 1942 970 1977 nullis
998 1943 1154 1991 amplius
1183 1943 1336 1979 decretis
1355 1950 1463 1991 atque
1494 1941 1642 1984 edictis,
1671 1938 1749 1974 sive
1762 1945 1829 1982 po-

314 1992 424 2029 l1ii=is
460 1997 533 2034 sive
564 1999 841 2048 ecclesiasticis,
871 2005 1121 2053 supprimatur
1143 1991 1487 2054 autpimpediatur?
1520 2002 1570 2040 Et
1588 2001 1633 2039 de
1655 1999 1713 2037 his
1740 1995 1827 2046 qui-

310 2054 390 2091 dem
405 2058 476 2105 piis
498 2061 593 2098 votis
614 2063 765 2112 sapienti
783 2072 850 2103 sat.
1779 2055 1826 2096 ld
