1940 2474
241 157 284 195 ’.ῑο
503 147 660 183 ΧἈΝΙ
726 142 1090 195 Tufa-onon]
1135 141 1496 183 „qe-ERGMAN-

250 239 377 267 lenaeum
408 232 582 269 Scriptorem
611 238 704 259 rerum
733 235 848 258 suarum
871 227 901 255 in
925 226 1066 255 concione
1088 225 1212 254 militum
1237 225 1352 254 civitate
1372 226 1506 260 donaret,
1535 224 1686 254 dulcedine
1708 226 1772 262 glo-

251 288 306 316 riae
333 283 489 318 commoti,
520 282 550 311 id
575 290 678 318 magno
707 282 830 309 clamore
858 277 1112 314 approbaverunt:
1143 275 1183 304 cf.
1213 276 1305 306 Cicer.
1328 276 1398 305 ibid.
1429 285 1456 305 c.
1477 285 1511 304 10
1528 282 1554 305 et
1575 285 1619 305 11.
1666 276 1766 313 Sylla,

254 337 304 373 qui
328 336 417 372 vulgo
443 334 628 371 ἀγράμματος
651 331 827 365 habebatur,
854 329 941 366 cujUs
970 328 1009 356 rei
1029 327 1143 364 insigne
1167 327 1369 356 documentum
1399 327 1497 356 retulit
1535 327 1713 356 Plutarchus
1740 327 1770 355 in

254 388 348 425 ipsius
375 386 432 415 vita
453 394 483 421 p.
501 385 578 420 460,
601 383 643 418 B,
665 391 802 417 narrans,
823 389 886 410 eum
913 379 1038 416 dixisse,
1056 388 1087 409 se
1107 388 1166 409 non
1183 380 1328 410 doctrinae
1342 381 1526 409 addiscendae
1543 389 1629 409 causa
1643 381 1769 409 Athenas

253 437 385 472 venisse,
406 436 456 465 sed
477 442 509 463 ut
534 432 884 469 deficientes-subigeret3
912 431 961 459 sed
986 429 1065 467 Sylla
1087 436 1200 467 tamen,
1230 433 1322 468 captis
1346 432 1490 467 Athenis,
1519 430 1701 467 Apelliconis
1724 430 1772 459 Bi-

255 489 447 522 bliothecam,
477 486 507 514 in
533 494 589 521 qua
608 491 687 513 erant
706 483 875 512 Aristotelis
900 481 985 518 libri,
1011 482 1133 511 Romam
1156 485 1316 513 transtulit.
1367 484 1437 513 Vid.
1457 483 1617 512 Plutarch.
1645 483 1715 512 ibid.
1738 491 1769 519 p.

255 542 329 577 468,
350 539 464 569 AetB.
521 536 625 566 Omnis
648 536 730 564 etiam
760 544 790 564 ea
817 540 906 564 aetate
927 533 1080 562 liberorum
1111 534 1275 571 institutio,
1306 536 1401 564 omnis
1430 535 1627 565 Romanorum
1657 533 1773 563 vivendi

256 591 349 626 ratio,
371 591 531 619 Literni-um
555 588 644 617 amori
668 587 816 616 excitando
842 585 937 621 iisque
953 585 1079 614 colendis
1101 587 1281 616 inserviebat.
1337 588 1413 616 Cum
1438 587 1511 616 enim
1536 587 1613 616 domi
1638 585 1772 623 privatim
1805 586 1822 593 ’ἶ

256 642 348 679 prima
369 642 511 670 literarum
539 642 673 676 elementa
704 638 899 676 percepissent
927 637 1027 672 liberi,
1062 637 1090 665 in
1119 638 1305 667 Grammatici
1328 639 1451 674 Graeci,
1483 645 1509 667 et
1533 638 1670 667 Rhetoris
1693 632 1774 673 Lati-⁵

256 693 306 728 ni,
328 693 426 728 quales
450 692 590 721 Cicerone
614 699 705 727 puero
730 690 853 726 primum
877 689 978 717 docere
1002 696 1178 726 coeperunt,
1201 691 1317 720 scholas
1342 691 1547 725 mittebantur,
1571 689 1621 718 ubi
1644 687 1776 725 legendis

257 745 375 781 optimis
397 744 514 774 Graecis
544 751 571 773 et
599 744 713 772 Latinis
743 741 942 778 Scriptoribus
967 740 1180 770 exercebantur.
1234 742 1311 771 Inter
1340 743 1504 778 doctrinas,
1535 740 1643 777 quibus
1666 739 1776 767 imbue-

256 796 379 831 bantur,
402 797 577 832 Eloquentia
600 796 760 833 principem
782 797 877 832 locum
901 793 1036 829 tenebat,
1064 793 1111 821 cui
1134 800 1194 821 tum
1219 793 1391 829 scribendo,
1421 800 1481 821 tum
1503 792 1686 823 declamando
1707 797 1776 825 ope-

259 855 317 875 ram
342 847 458 876 dabant.
498 847 574 875 Huic
598 847 697 875 deinde
717 846 795 882 Juris
818 845 937 873 scientia
958 853 989 872 ac
1010 845 1218 881 Philosophia,
1245 847 1346 874 Poesis
1369 847 1434 874 item
1458 854 1484 874 et
1511 845 1640 874 Historia
1664 842 1794 871 accede--

252 899 335 927 bant.
374 898 406 926 In
423 898 554 926 militiam
579 906 612 925 ex
635 897 694 934 lege
717 896 840 933 profecti
862 896 1023 924 Literarum
1047 897 1142 925 studia
1164 897 1279 925 minime
1303 897 1545 931 intermittebant,
1576 896 1624 924 sed
1647 895 1676 922 in
1702 892 1791 930 ipsis-

257 949 359 977 castris
382 949 524 979 colebant.
564 949 589 977 E
611 949 717 984 quibus
735 948 859 984 reversi,
883 948 903 976 ii
927 954 1019 983 certe,
1049 947 1101 983 qui
1125 954 1241 976 aetatem
1265 948 1294 976 in
1317 948 1417 976 militia
1441 948 1595 983 transigere
1621 944 1777 979 nolebant,

256 1001 291 1028 ad
311 1001 469 1037 principem
493 1001 642 1036 quemdam
667 1000 816 1029 Oratorem
848 1008 908 1028 sese
931 1000 1133 1035 applicabant,
1164 1009 1179 1025 a
1204 1009 1264 1032 quo
1290 1006 1317 1024 ct
1341 999 1453 1024 dicendi
1482 1005 1509 1022 er
1531 1006 1632 1026 causas
1660 996 1690 1024 in
1712 993 1789 1024 foro,

258 1053 358 1089 agendi
381 1058 467 1081 artem
486 1053 641 1082 discerent.
683 1052 750 1091 Quo
774 1050 863 1088 magis
884 1059 972 1086 porro
995 1049 1023 1078 in
1045 1047 1167 1085 pueritia
1192 1054 1219 1076 et
1239 1046 1429 1076 adolescentia
1450 1046 1583 1074 inchoata
1604 1046 1698 1083 studia
1715 1053 1792 1080 per-A

257 1102 391 1140 ficerent,
413 1105 532 1141 plurimi
560 1104 589 1132 in
616 1103 753 1132 Graeciae
776 1102 927 1136 civitates,
948 1101 1076 1129 Athenas
1102 1099 1242 1135 maxime,
1265 1099 1318 1127 iter
1339 1097 1556 1134 suscipiebant,
1579 1096 1628 1125 ubi
1650 1096 1779 1126 Graecos

260 1152 401 1185 Rhetores
424 1162 452 1184 et
470 1155 669 1193 Philosophos
691 1155 832 1184 audirent.
874 1154 1000 1183 Domum
1018 1153 1154 1187 reduces,
1176 1150 1321 1179 doctrinae
1343 1149 1438 1186 copiis
1461 1147 1649 1185 locupletati,
1670 1148 1715 1176 vel
1737 1147 1782 1175 in·

262 1211 304 1234 ter
324 1209 442 1238 mavima
466 1208 580 1245 negotia
603 1207 728 1243 aliquam
749 1208 847 1235 saltem
873 1203 1010 1241 temporis
1029 1209 1136 1239 partem
1161 1201 1251 1230 literis
1276 1201 1458 1236 tribuebant,
1480 1200 1509 1228 in
1532 1199 1639 1236 quibus
1665 1198 1780 1235 saepius

263 1261 378 1285 noctem
401 1260 621 1288 COImumebant:
645 1259 674 1287 in
698 1250 798 1295 primis
820 1257 954 1286 feriarum
979 1261 1106 1291 tempore
1131 1263 1163 1283 eo
1185 1253 1309 1283 consilio
1328 1261 1361 1282 ex
1384 1252 1462 1282 Urbe
1483 1252 1512 1281 in
1533 1251 1638 1287 villas,
1659 1250 1712 1279 ubi
1735 1248 1781 1277 bi·

265 1306 426 1335 hliothecas
451 1305 608 1343 habebant,
631 1317 691 1337 sese
713 1309 903 1345 recipiebant,
925 1314 958 1336 ut
979 1306 1111 1336 liberiore
1132 1305 1228 1336 animo
1250 1306 1352 1336 studiis
1376 1315 1488 1339 operam
1512 1307 1620 1331 ‹im-ent·
1661 1301 1780 1327 DuetIs-

261 1359 352 1388 simos
376 1366 499 1395 quoque
530 1358 657 1388 Graecos
681 1361 811 1391 homines
839 1370 936 1391 secum
966 1362 1122 1392 habebant:
1159 1363 1248 1386 veluti
1273 1361 1376 1385 Cicero
1402 1354 1582 1387 Diodotum,
1608 1350 1783 1385 Philonem,

264 1411 351 1440 alios.
391 1411 417 1439 E
442 1411 550 1447 quibus
575 1411 709 1440 omnibus
732 1419 835 1448 sponte
854 1422 989 1447 apparet,
1015 1410 1089 1438 unde
1114 1415 1174 1437 orta
1197 1408 1235 1437 sit
1259 1416 1359 1444 magna
1381 1407 1429 1434 illa
1450 1404 1533 1441 copia
1559 1403 1706 1437 virorum,
1728 1399 1782 1437 qui

264 1461 366 1498 Po'esi,
386 1462 593 1499 Eloquentiae,
614 1463 835 1499 Philosophiae,
860 1462 940 1499 Juris
966 1461 1184 1497 intelligentiae,
1207 1459 1354 1488 Historiae
1372 1457 1553 1491 scribendae,
1575 1455 1696 1490 aliisque
1719 1458 1804 1481 stu-.

266 1513 321 1543 diis
347 1523 460 1551 operam
477 1517 590 1553 darent,
612 1524 640 1546 et
661 1518 763 1546 eximia
784 1517 931 1546 doctrinae
954 1517 1036 1545 laude
1057 1516 1201 1544 florerent:
1225 1511 1258 1539 de
1279 1510 1388 1546 quibus
1412 1508 1534 1545 singulis
1559 1505 1708 1544 generibus
1724 1504 1784 1541 jam

265 1565 399 1603 deinceps
424 1569 582 1599 videamus,
624 1570 668 1598 De
693 1570 797 1599 studiis
819 1576 912 1598 autem
938 1576 965 1597 et
989 1577 1017 1597 re
1043 1564 1181 1596 Literaria
1205 1563 1402 1592 Romanorum
1425 1561 1534 1597 legatur
1556 1559 1668 1596 elegans
1690 1555 1786 1586 Cella-

268 1617 309 1653 rt'i
332 1617 528 1656 Dissertatio,
561 1621 596 1650 de
623 1622 727 1650 studiis
744 1622 942 1650 Romanorum
964 1619 1128 1648 Litcra7·it's
1149 1618 1180 1644 in
1203 1615 1281 1644 Urbe
1302 1620 1328 1642 ct
1353 1613 1536 1647 Provinciis,
1565 1611 1650 1639 relata
1671 1609 1699 1637 in
1721 1608 1783 1644 ejus

262 1666 406 1697 Dissertt.
429 1672 523 1701 Aead.
546 1683 578 1710 p.
597 1683 668 1710 341,
690 1681 717 1702 et
743 1674 860 1710 repetita
878 1673 906 1701 in
928 1673 988 1709 ejus
1009 1668 1175 1709 Compendio
1195 1667 1317 1704 Amiqq.
1341 1665 1426 1693 Rom.
1471 1663 1598 1692 [Valcht'i
1619 1668 1686 1689 cura
1708 1657 1784 1684 edito

265 1718 303 1748 L⁴
325 1719 390 1748 VII·
422 1730 452 1757 p.
469 1731 546 1758 419,
573 1733 588 1751 e
613 1726 697 1761 cujus
721 1725 846 1753 Dissert.
876 1724 1009 1752 Sectione
1031 1723 1057 1751 Π
1088 1730 1141 1750 nos
1172 1720 1218 1747 hic
1244 1717 1383 1746 nonnulla
1410 1715 1615 1745 cacerpfflmus·
1664 1705 1732 1734 Vid-
1755 1712 1783 1734 et

264 1770 426 1800 Schwarzii
448 1772 567 1810 Disput.
590 1774 624 1801 de
642 1777 745 1803 studiis
765 1782 791 1804 ct
812 1785 843 1803 re
857 1775 1015 1803 Literaria
1030 1774 1251 1806 Romanorum,
1275 1767 1403 1803 subjecta
1424 1762 1481 1793 Ed·
1502 1758 1687 1790 NOViSSimae
1703 1757 1784 1788 ΟΜ·

265 1822 363 1857 pendis·
383 1823 505 1863 Antiqq.
527 1825 765 1865 Niemrportitmi
784 1836 815 1865 p.
838 1835 915 1864 491,
938 1834 1004 1862 sqq·

1905 2387 1925 2474 ως·
