1940 2474
494 166 1022 205 eoMMEnrM-ro
1086 171 1434 207 summor.
1701 182 1722 219 7

206 260 327 294 alienam
350 268 429 297 esse,
456 268 516 290 non
539 269 627 297 posse
651 268 825 297 usucapere3
857 267 959 296 nempe
982 259 1020 288 ob
1047 259 1186 290 vitiosum
1207 262 1348 291 secundae
1367 260 1564 297 possessionis
1588 261 1714 292 initium.

209 317 333 347 Constat
357 314 446 352 igitur
468 322 502 344 ex
523 314 575 343 hac
598 313 693 351 Lege,
715 321 797 348 eum,
820 312 890 348 qui,
910 311 1015 341 amissa
1036 313 1241 349 possessione,
1267 313 1436 350 cognoverit
1457 321 1514 341 rem
1536 313 1653 342 alienam
1676 322 1720 343 es—

206 376 254 403 se,
275 375 335 396 non
353 366 477 403 amplius
493 366 531 404 qb.
555 366 578 394 f.
605 373 804 402 possessorem
825 372 901 393 esse.
945 363 1038 399 Atqui
1061 372 1144 392 nemo
1168 364 1226 393 nisi
1246 364 1276 393 b.
1300 364 1323 393 f.
1353 373 1504 401 possessor
1522 364 1717 395 Publicianam¹

204 420 356 449 instituere
373 425 484 455 potest.
523 418 604 456 Ergo
625 419 708 448 etiam
727 417 916 446 instituendae
939 415 1061 445 actionis
1083 422 1212 452 tempore
1234 416 1389 452 requiritur
1409 415 1485 444 bona
1504 415 1584 444 fides.

234 471 374 506 Denique
405 470 519 499 nullum
541 470 661 499 dubium
689 470 814 499 inhaeret
842 468 988 498 doctrinae
1010 474 1144 503 nostrae,
1174 467 1302 504 inspecta
1329 467 1369 496 L.
1392 476 1437 496 11.
1466 468 1495 504 §.
1513 476 1540 504 3.
1565 467 1603 504 ff.
1629 468 1658 496 h.
1683 467 1717 496 T.

204 528 274 560 quae
294 529 337 552 est
359 522 502 561 Ulpiani,
523 531 557 552 ex
580 523 676 552 eodem
700 521 774 551 libro
795 522 840 549 16.
863 520 904 549 ad
924 519 1082 555 Edictum,
1104 528 1138 548 ex
1163 528 1222 556 quo
1247 519 1332 548 etiam
1354 519 1485 548 desumta
1505 525 1548 547 est
1574 519 1611 547 L.
1634 528 1662 554 7.
1687 520 1716 555 §5

203 573 258 604 nlt.
301 573 396 602 Verba
411 574 518 612 Legis:
549 573 726 611 „Interdum
745 580 859 608 tamen,
882 573 949 602 licet
962 571 1086 609 furtiva
1106 577 1203 600 mater
1223 571 1369 600 distracta
1393 581 1448 599 non
1471 572 1528 606 sit,
1549 570 1599 599 sed
1610 570 1724 599 donata-

207 644 225 660 „
245 626 397 663 ignoranti
411 626 504 662 mihi,
526 633 553 654 ct
569 625 651 666 apud
663 636 706 654 me
723 625 883 664 conceperit
899 630 926 652 et
941 625 1107 661 pepererit,
1128 624 1259 661 competit
1276 623 1348 651 mihi
1367 624 1399 650 in
1414 628 1509 661 partu
1525 621 1720 658 Publiciana,

204 696 222 712 ‚,
244 683 277 705 ut
293 673 439 713 Juliam'ts
459 679 524 714 nit,
545 679 570 706 si
593 678 672 707 modo
686 687 715 705 co
734 683 875 716 tempore,
899 684 953 714 qno
970 675 1114 711 experiar,
1131 675 1283 711 fitrtivam
1306 680 1429 703 matrem
1448 673 1612 711 ignorem.”
1650 672 1722 701 Non

201 727 276 757 enim
299 729 513 758 assentiendum
545 729 683 766 Cujacio,
704 728 775 764 qui,
797 736 849 764 pro
874 736 927 765 quo
952 729 1108 765 experiar,
1138 726 1229 762 legere
1258 726 1368 753 mavult
1397 734 1451 762 quo
1474 731 1500 752 ct
1519 725 1625 761 pariat
1653 722 1719 760 (cf.

203 778 320 809 Comm.
337 781 374 809 ad
394 779 434 809 L.
452 790 483 816 4.
503 783 532 818 §.
554 788 599 817 15.
623 780 661 817 ff.
685 778 719 808 de
739 779 847 817 Usnrp.
869 784 896 805 et
917 777 1028 816 Ustcc.)
1048 778 1124 815 (6).
1173 777 1251 805 Haec
1279 776 1354 804 enim
1376 775 1462 804 lectio
1488 776 1568 804 nulla
1590 775 1723 804 firmatur

199 831 390 866 auctoritate,
417 839 509 867 quum
531 839 591 858 non
615 831 712 858 solum
736 828 766 857 in
786 828 886 857 codice
907 829 1074 857 Florentino
1101 829 1212 865 legatur
1234 837 1291 866 qno
1315 828 1480 865 experiar,
1506 827 1557 855 sed
1582 833 1609 855 et
1632 826 1720 855 lectio

200 881 270 910 haec
291 880 402 910 nitatur
425 881 595 910 auctoritate
611 880 825 916 Basilicarum,
849 880 899 908 ubi
921 879 960 908 ita
982 879 1120 916 scriptum
1140 881 1188 910 ἐὰν
1209 881 1238 909 ἐν
1261 880 1298 916 τῷ
1323 882 1403 909 κινεῖν
1427 879 1518 914 ἀγνοῶ
1541 879 1593 912 τὴν
1612 879 1719 914 μητὲρκ

198 928 411 969 ἑλομπιμοιῖαν,
433 932 462 960 id
479 939 541 967 est,
563 933 588 960 si
605 931 683 960 modo
705 937 792 967 tunc,
813 941 877 960 cum
902 940 995 961 moveo
1021 932 1182 965 actionem,
1211 932 1312 967 ignoro
1334 936 1458 958 matrem
1479 938 1535 958 esse
1556 929 1719 966 furtivam.

200 980 334 1018 Denique
355 991 414 1019 quo
435 983 522 1011 modo
546 982 606 1011 fieri
627 990 729 1019 posset
750 989 784 1011 ut
800 983 936 1018 Praetor,
959 982 1006 1011 cui
1030 982 1158 1018 aequitas
1180 990 1294 1017 semper
1315 982 1413 1018 regula
1431 987 1492 1017 est,
1513 980 1653 1008 actionem
1670 980 1719 1008 da-

200 1040 242 1063 ret
263 1034 306 1069 ei,
329 1034 381 1070 qui
403 1042 460 1062 rem
478 1034 570 1070 petit,
593 1043 678 1070 quam
700 1035 763 1071 ipse
785 1034 841 1064 scit
863 1034 918 1063 sibi
932 1035 982 1071 jus
1002 1043 1062 1062 non
1084 1041 1147 1063 esse
1167 1033 1299 1070 petendi,
1323 1031 1555 1075 quandoquidem
1577 1030 1718 1060 alienam?

199 1085 243 1116 lta
265 1084 341 1114 enim
361 1085 478 1114 Praetor
499 1086 588 1115 malae
611 1086 677 1115 fidei
696 1085 943 1122 patrocinaretur,
973 1085 1052 1121 quod
1074 1091 1175 1114 contra
1201 1093 1313 1114 omnem
1338 1084 1521 1120 aequitatem'
1537 1081 1613 1119 fieri,
1636 1081 1719 1112 facile

200 1136 330 1172 quisque
350 1137 497 1175 intelligit.
663 1124 667 1129 ἱ

236 1187 377 1223 Sequitur
400 1189 431 1216 in
455 1188 562 1217 Edicto
582 1189 618 1217 id
642 1190 719 1228 quod
736 1189 893 1218 tr'aditnm.
944 1189 1015 1218 Non
1038 1189 1141 1223 video,
1163 1196 1216 1216 cur
1235 1187 1265 1216 in
1291 1188 1371 1216 hisce
1395 1185 1490 1216 verbis
1513 1185 1645 1214 nonnulli
1665 1193 1720 1222 pu-

163 1280 166 1281 ⁷
196 1233 259 1266 t'ent
279 1238 362 1276 (7),
382 1238 544 1269 Praetorem
568 1240 765 1277 significasse,
785 1240 870 1269 etiam
890 1249 934 1270 res
953 1240 1149 1276 incorporales
1173 1248 1206 1267 ex
1225 1239 1281 1268 hoc
1298 1239 1404 1268 Edicto
1424 1238 1484 1274 peti
1501 1245 1598 1273 posse.
1640 1237 1721 1266 Con-

196 1289 315 1316 trarium
331 1297 431 1318 verum
454 1297 509 1319 est.
552 1291 726 1328 Corporales
750 1293 898 1321 dumtaxat
918 1300 962 1320 res
984 1291 1099 1327 proprie
1116 1290 1207 1326 tradi,
1229 1299 1260 1319 ac
1277 1290 1398 1326 usucapi
1420 1295 1556 1325 possunt.
1599 1288 1642 1317 Ut
1662 1289 1720 1316 Pu·

197 1335 322 1369 bliciana
351 1340 434 1369 etIam
465 1343 662 1371 extenderetur
691 1344 727 1370 ad
752 1353 796 1372 res
824 1343 1040 1378 incorporales,
1069 1343 1126 1370 hoc
1154 1347 1255 1377 postea
1279 1341 1476 1368 introductum
1508 1346 1570 1374 est,
1603 1345 1722 1375 propter

197 1390 364 1420 utilitatem.
405 1391 461 1419 Sed
486 1398 615 1428 tempore
636 1393 734 1421 Edicti
761 1392 810 1420 lati
828 1401 873 1419 res
893 1391 1088 1425 incorporales
1110 1390 1233 1426 usucapi
1254 1399 1314 1418 non
1330 1397 1473 1426 poterant.
1515 1390 1603 1428 Quod
1617 1391 1651 1418 ad
1666 1399 1719 1418 vo·

198 1447 259 1468 cem
286 1440 442 1467 Traditum
463 1443 583 1473 attinet,
614 1443 654 1467 ita
678 1443 767 1476 legere
788 1440 901 1474 malim,
925 1448 1029 1474 quam,
1051 1440 1094 1468 uti
1118 1441 1223 1469 habent
1247 1441 1380 1469 nonnulli
1403 1441 1593 1477 Interpretes,
1614 1441 1722 1470 Tradi-

199 1497 252 1520 tur
272 1491 351 1528 (8).
396 1489 471 1518 Nam
493 1489 541 1517 hic
564 1495 678 1525 tempus
702 1490 906 1526 praeteritum,
932 1498 992 1518 non
1019 1497 1113 1519 autem
1139 1500 1275 1527 praesens
1298 1492 1472 1527 requiritur,
1501 1500 1567 1520 cum
1593 1492 1644 1528 qui
1665 1493 1718 1521 hac

199 1542 312 1571 actione
330 1541 407 1578 agit,
433 1548 492 1569 non
514 1540 638 1576 amplius
662 1540 701 1569 sit
725 1542 754 1570 in
776 1541 983 1577 possessione,
1012 1543 1062 1570 sed
1086 1543 1303 1579 possessionem
1333 1543 1470 1572 amiserit.
1520 1544 1575 1572 Sed
1598 1543 1718 1572 mentio-

199 1601 263 1622 nem
288 1592 357 1621 facit
372 1592 486 1620 Praetor
505 1590 694 1620 Traditionis.
735 1593 784 1621 An
805 1593 894 1629 igitur
912 1601 998 1628 eum,
1021 1593 1073 1629 qui
1094 1602 1175 1630 agere
1199 1594 1268 1623 velit
1287 1594 1473 1630 Publiciana,
1501 1601 1581 1623 antea
1604 1601 1718 1631 oportet

201 1651 258 1671 rem
283 1643 436 1672 traditione
457 1642 514 1671 sibi
536 1643 749 1678 acquisivisse?
786 1644 1034 1682 Distinguendum
1065 1645 1135 1673 mihi
1163 1645 1279 1674 videtur
1307 1646 1380 1674 inter
1403 1655 1525 1681 causas,
1554 1654 1589 1674 ex
1609 1646 1716 1681 quibus

200 1694 371 1725 Dominium
387 1703 447 1724 non
463 1694 519 1724 nIsi
541 1695 711 1726 Traditione
731 1697 908 1732 acquiritur,
930 1696 974 1725 uti
989 1697 1109 1732 Emtio,
1130 1697 1284 1732 Venditio,
1305 1697 1499 1733 Permutatio,
1520 1704 1612 1731 caen,
1633 1697 1718 1724 inter-

1662 1755 1718 1783 que

210 1838 214 1843 ”
230 1846 279 1873 (6)
296 1847 378 1872 σημειί·
389 1848 565 1870 emendationem
578 1850 672 1876 probant
687 1850 735 1872 Ant.
749 1849 817 1871 Faber
829 1852 851 1871 in
867 1851 920 1873 Rat.
935 1851 964 1871 ad
983 1850 1004 1878 ς.
1020 1856 1042 1876 3.
1058 1850 1121 1878 Legis
1135 1857 1169 1873 ιι.
1191 1850 1219 1877 ff.
1235 1851 1256 1872 11.
1271 1851 1295 1871 T.
1324 1849 1408 1870 potitur
1425 1849 1448 1869 in
1467 1848 1536 1870 Pand.
1559 1849 1639 1877 Justin.
1657 1849 1678 1870 Ιι.
1693 1847 1718 1871 T.

203 1895 226 1913 u.
239 1889 295 1912 xm.
319 1895 366 1911 not.
378 1898 399 1918 g.
423 1891 452 1911 T.
470 1891 486 1911 Ι.
502 1897 525 1917 p.
539 1897 587 1915 225.
616 1891 704 1913 Reinald
720 1892 740 1914 tl.
759 1893 835 1914 Exere.
850 1891 871 1918 5-
886 1893 906 1914 6.
924 1895 946 1914 in
963 1894 1038 1919 opusc.
1056 1899 1078 1919 p.
1093 1892 1134 1917 (76
1151 1897 1172 1913 et
1186 1897 1235 1918 sqq·
1265 1893 1311 1912 Vuet
1327 1892 1348 1910 in
1362 1890 1438 1911 Canum.
1457 1890 1484 1910 ad
1500 1890 1520 1912 Ιι.
1534 1889 1558 1911 Τ.
1572 1890 1600 1916 ff.
1618 1886 1638 1915 S.
1650 1895 1672 1916 4.

231 1930 279 1957 (7)
297 1931 385 1951 Remota
394 1933 417 1952 in
430 1932 492 1958 Expl.
510 1932 551 1953 Ed.
567 1932 624 1953 Publ.
643 1940 663 1955 c.
680 1939 702 1953 2.
720 1932 739 1958 (5.
754 1939 775 1955 2.
805 1934 870 1954 Gliick
883 1933 949 1960 Ausf.
968 1933 1014 1954 Eri.
1029 1933 1065 1953 dsr
1078 1932 1146 1954 Parm'.
1164 1933 1183 1953 Ιι,
1201 1932 1227 1953 Τ.
1243 1930 1262 1956 §.
1278 1936 1327 1958 593.
1345 1937 1369 1957 p·
1384 1935 1434 1955 321.

230 1973 273 2001 (8)
292 1971 451 1993 Dissentientes
465 1972 536 1994 habeo
556 1973 606 1993 Ant.
621 1973 736 2001 Schulu'ng.
753 1975 775 1994 r‘n
789 1979 829 1996 nat.
847 1976 873 1996 aa
886 1973 907 1997 h.
922 1975 945 1997 T.
957 1974 984 2002 ff.
1000 1975 1025 1997 L.
1044 1979 1065 1997 1.
1080 1979 1103 1997 et
1118 1973 1184 1995 Noode
1200 1974 1220 1994 lu.
1239 1974 1261 1994 T.
1281 1972 1309 1999 ff:
1321 1977 1356 2000 pr.
1394 1972 1424 1994 At
1435 1977 1521 1995 mecum
1541 1972 1625 1995 faciunt
1641 1973 1714 1995 Habu-

201 2015 258 2038 ΕΜ.
273 2015 331 2036 Rou-
348 2020 370 2040 p·
385 2015 436 2038 318.
463 2014 592 2042 Wesunberg
604 2015 631 2035 ad
645 2015 665 2037 1ι.
679 2015 703 2037 Τ.
723 2015 751 2042 ffi
767 2014 788 2041 S·
802 2020 825 2037 2-
