1960 2500
639 193 1110 234 ORATIO.
1618 214 1640 251 7

105 318 170 345 ore
190 310 243 343 est
256 331 268 350 ‚
297 314 318 338 a
335 302 476 338 nemine
496 309 569 335 non
586 296 683 334 dicta
705 294 778 330 late
795 299 978 340 repetere,
1008 298 1072 326 aut
1100 299 1287 328 oratorum
1311 304 1410 330 more
1439 307 1631 340 exornare;

103 369 202 408 Nota
223 366 338 403 Vobis
355 361 528 400 omnibus
546 369 601 397 est
617 357 770 394 mirifica
790 355 857 391 illa
877 362 926 391 tot
946 356 1106 403 gentium
1125 353 1280 404 benigna
1301 356 1373 392 Dei
1398 360 1626 405 providentia

101 429 339 468 liberatarum
360 426 537 471 historia;
562 430 646 459 nota
670 428 755 457 sunt
773 412 1208 466 omniumque'laudibus
1233 416 1444 466 celebrata,
1469 430 1504 458 et
1533 424 1629 462 alio·-

99 505 183 530 rum
209 489 604 541 praestantissimorum
631 484 819 528 virorum,
848 487 882 516 'et
900 479 1113 528 Principum
1136 478 1303 527 inprimis
1336 484 1503 529 nomina,
1530 498 1628 534 quo-

55 547 59 552 ’
97 567 180 592 rum
196 553 390 604 prudentia
409 560 443 588 et
459 550 651 598 conjuncta
673 546 712 584 vi
732 556 793 581 >res
813 550 915 580 tanta
934 542 980 578 ad
1002 539 1167 578 effectum
1189 542 1365 590 perducta
1398 552 1450 580 est
1461 558 1475 592 3
1501 555 1534 583 et
1554 560 1625 585 va..

96 619 153 654 ria
171 617 215 654 de
233 616 293 653 his
309 613 420 651 rebus
445 613 482 649 in
507 611 666 648 omnium
693 605 865 644 manibus
894 612 978 641 sunt
1006 604 1162 653 scripta,
1190 603 1333 653 quibus
1356 617 1495 654 nuper,
1523 611 1623 658 quod

97 679 144 717 ad
159 679 316 728 patriam
335 684 498 712 nostram
520 674 668 718 attinet,
697 670 870 707 eximium
893 667 1011 714 illud,
1024 679 1098 703 uno
1117 667 1282 703 omnium
1300 679 1362 703 ore
1394 668 1618 709 celebratum

91 750 272 779 rALun
299 738 439 784 nostri,
472 735 554 774 Viri
574 732 807 778 Clarissimi,
837 731 988 767 accessit
1008 737 1292 766 monumentum.
1335 728 1456 766 Nobis
1474 733 1624 780 quidem

92 808 134 840 ea
151 809 292 839 tantum
314 812 412 837 nunc
432 798 638 847 attingenda
659 803 743 832 sunt
769 801 973 840 momenta,
1001 804 1097 842 quae
1123 792 1170 829 ad
1188 793 1424 841 propositum
1447 795 1625 833 ora-tionis

90 860 344 914 argumentum
362 862 530 911 proxime
546 865 740 909 pertinent.

136 927 304 963 Primum
328 926 443 975 igitur
466 923 514 960 ad
545 920 787 958 antecedentis
806 918 980 967 temporis
996 917 1246 954 tristissimam
1269 917 1384 953 eheu!
1409 920 1621 956 memoriam

87 988 279 1038 paulisper
299 985 553 1024 revertendum
571 991 637 1020 est.
689 983 724 1020 A
742 981 846 1017 nulla
872 980 1017 1029 quidem
1050 980 1194 1015 animus
1218 987 1344 1015 noster
1370 981 1621 1018 recordatione

85 1050 204 1098 magis
229 1048 401 1085 abhorret
415 1061 428 1095 ;
454 1046 518 1083 sed
546 1057 621 1095 quo
648 1044 760 1080 altius
786 1042 922 1078 infixus
947 1048 1002 1077 est
1025 1041 1155 1087 dolor,
1184 1048 1285 1077 tanto
1300 1042 1419 1089 magis
1438 1041 1620 1079 indelebi-

86 1110 136 1147 lis
159 1109 451 1153 dirissimorum,
481 1119 574 1155 quae
605 1104 771 1153 perpessi
801 1115 953 1149 sumus,
980 1103 1163 1138 malorum
1198 1110 1251 1138 est
1288 1102 1483 1148 memoria,
1520 1110 1553 1139 et
1577 1110 1620 1142 ut

85 1169 178 1209 alios
197 1171 419 1220 multiplices
435 1168 546 1205 habet
566 1178 681 1212 usus,
708 1165 759 1201 ita
779 1171 813 1200 et
834 1176 958 1199 rerum
978 1163 1016 1200 in
1032 1164 1213 1212 integrum
1229 1163 1483 1200 restitutarum
1500 1165 1620 1206 acrio:

82 1244 160 1272 rem
179 1230 219 1270 et‘
235 1232 342 1283 longe
356 1229 664 1282 jucundissimum
682 1227 802 1263 reddit
821 1238 980 1263 sensum.
1471 1238 1475 1241 ·

129 1292 192 1334 Ad
215 1296 327 1332 unius
354 1293 581 1332 voluntatem
600 1292 714 1328 totius
737 1289 816 1326 sere
845 1289 1016 1337 Europae
1041 1298 1104 1323 res
1125 1294 1227 1323 erant
1253 1287 1493 1336 compositae,
1520 1288 1611 1325 reli-

82 1358 170 1408 quis
196 1356 436 1407 Principibus
468 1362 531 1392 aut
556 1353 719 1403 expulsis
751 1360 815 1388 aut
842 1351 879 1388 vi
907 1350 1044 1387 coactis
1068 1349 1115 1384 ad
1133 1348 1470 1398 obtemperandum.
1524 1350 1613 1387 Sola

81 1420 177 1456 mari
194 1431 326 1469 magno
336 1448 348 1465 ‚
362 1427 536 1468 tanquam
544 1427 648 1452 muro
666 1413 802 1451 aheneo
813 1442 826 1460 ‚
840 1414 957 1450 cincta
966 1411 1157 1448 Britannia
1173 1411 1329 1446 hominis
1339 1411 1449 1460 longe
1464 1411 1617 1461 lateque

82 1478 301 1518 dominantis
326 1481 400 1517 vim
425 1494 446 1516 a
476 1480 582 1515 terris
613 1479 691 1514 suis
719 1488 842 1512 arcere
857 1475 998 1524 potnit,
1029 1473 1166 1510 amisso
1185 1481 1304 1508 tamen
1327 1473 1451 1509 eadem
1469 1486 1612 1511 merca·

79 1549 187 1580 turae
216 1555 289 1580 usu
313 1550 347 1578 et
374 1538 499 1577 fructu
525 1538 683 1575 infracta
717 1551 760 1573 ac
786 1536 989 1573 debilitata.
1043 1536 1092 1572 Et
1114 1535 1190 1583 jam
1207 1534 1355 1571 Russici
1375 1547 1523 1584 quoque
1538 1536 1612 1576 im·,

79 1604 196 1653 perii,
225 1603 392 1640 immensi
412 1602 518 1638 illius
536 1609 570 1637 et
590 1601 665 1636 huo
691 1611 810 1648 usque
834 1598 983 1643 invicti,
1011 1596 1119 1632 ruina
1149 1597 1287 1632 instare
1308 1597 1390 1633 visa
1416 1605 1483 1635 est.
1533 1599 1612 1634 Ar-

80 1664 150 1702 mis
175 1674 269 1702 certe
289 1664 450 1709 infestis,
480 1672 513 1700 et
544 1661 773 1699 formidanda
795 1660 1077 1696 lectissimarum
1107 1659 1290 1708 legionum
1313 1659 1351 1696 vi
1375 1667 1409 1695 et
1431 1659 1611 1696 velocita-

77 1734 137 1774 te,
163 1728 329 1778 regiones
353 1726 565 1777 longissime
591 1732 751 1760 remotae
777 1722 996 1760 brevissimo
1022 1729 1183 1770 tempore
1205 1720 1433 1758 invaduntur
1458 1729 1492 1758 et
1515 1719 1606 1757 suh-

78 1788 277 1838 jiciuntur,
304 1789 418 1826 urbes
451 1787 656 1837 complures
687 1787 787 1823 ferro
817 1794 853 1822 et
874 1784 1033 1822 flammis
1058 1784 1226 1821 funditus
1255 1790 1495 1829 evertuntur,
1523 1795 1607 1819 cae-

78 1849 212 1897 dibus,
238 1840 439 1897 incendiis,
483 1851 626 1899 rapinis
651 1850 771 1885 omnia
797 1855 1015 1894 vastantur,
1049 1847 1177 1883 nullus
1206 1858 1278 1881 non
1314 1845 1419 1882 locus
1439 1845 1607 1882 munitus

77 1908 205 1950 viciari
223 1915 338 1961 cediv,
364 1915 398 1949 in
419 1913 537 1961 ipsam
558 1913 659 1948 illam
679 1911 943 1961 amplissimam
971 1917 1004 1947 et
1028 1908 1322 1946 illustrissimam
1349 1906 1476 1944 'urbem
1500 1906 1605 1942 Mos-

78 1985 183 2010 ellam
203 1986 300 2013 arma
317 1977 482 2013 victricia
502 1975 744 2023 proferuntur
753 1962 770 2021 ,⁸
795 1982 828 2010 et
847 1974 890 2010 de
910 1979 986 2010 toto
1009 1961 1097 2009 ‘mox
1120 1972 1327 2008 Russorurn
1352 1981 1466 2017 regno
1492 1968 1603 2016 plane

82 2041 201 2075 actum
211 2065 225 2085 ,
252 2043 287 2074 et
311 2038 494 2085 oppressis
518 2036 692 2088 gentibus
711 2037 757 2078 de
771 2035 986 2077 excutiendo
1001 2036 1092 2086 jugo
1104 2033 1371 2085 desperandum
1388 2028 1597 2127 videbatgr.

1558 2090 1602 2128 ed
