1940 2474
244 151 289 185 '32
540 152 982 187 -ABRAHAMI
1035 154 1417 190 CAPADOGE

479 348 1515 411 CAPUTyTERTWIUM.

308 503 351 525 nr,
378 502 446 532 us,
469 503 565 533 QUAE
588 504 633 525 ex
655 503 904 526 ARGUMENTIS
926 505 971 525 AB
993 498 1173 535 urnfiQue
1194 508 1319 530 PARTE
1341 509 1389 531 an
1412 510 1691 540 ρυΛΕετῑοΝΕΜ

558 555 863 581 ltLusTRANDAM
889 557 1052 582 ALLATls
1079 559 1279 584 vaNTuR
1306 562 1437 592 sequt-

235 654 294 723 In
312 693 428 724 duobus
449 697 682 731 praecedentibus
699 699 863 738 capitibus,
877 702 912 730 ad
928 708 1055 732 normam
1074 700 1250 741 quaestionis
1267 705 1448 742 propositae,
1465 713 1496 734 ea
1513 712 1572 734 non
1586 708 1696 733 tantum
1713 711 1756 733 ar-

237 752 376 781 gumenta
399 746 529 776 exhibere
546 755 666 779 conatus
690 750 751 787 fui,
774 760 847 788 quae
866 754 900 782 ab
920 757 1041 792 utraque
1064 763 1142 791 parte
1165 757 1299 786 videntur
1321 767 1409 794 posse
1428 757 1536 793 afferri,
1560 763 1591 785 ut
1610 755 1757 793 problema

237 797 275 826 de
296 807 354 833 quo
380 800 474 835 agitur
495 809 528 829 ex
547 808 669 839 utroque
685 804 765 833 fonte
781 806 957 843 explicetur3
980 816 1080 836 verum
1097 807 1180 836 etiam
1204 808 1242 837 ita
1261 809 1368 845 passim
1384 811 1417 838 de
1438 809 1562 845 singulis
1582 806 1755 845 argumentis

239 848 403 884 disputavi,
426 856 477 885 ut,
500 860 557 886 quo
582 852 669 882 titulo
693 863 724 882 se
743 858 941 885 commendent
958 858 1092 894 singula,
1114 865 1141 886 et
1164 859 1234 893 quid
1250 860 1307 887 illis
1325 860 1507 895 potissimum
1530 864 1687 895 repugnet,
1710 865 1756 886 ec·-

238 899 301 927 dem
329 906 455 936 tempore
478 903 585 937 passim
611 904 697 933 fuerit
726 906 892 937 indicatum.
942 909 1064 937 Videtur
1079 917 1254 944 superesse,
1277 918 1337 945 quo
1358 910 1445 946 priori
1475 910 1548 946 parti
1574 908 1754 945 quaestionis

238 950 375 987 satisfiat,
399 959 431 980 ut
453 953 519 982 haec
542 964 705 992 argumenta
727 959 799 988 inter
824 969 853 989 se
875 961 1080 996 conferantur,
1109 960 1249 996 indeque,
1273 960 1298 989 si
1322 961 1381 989 fieri
1402 967 1520 997 potest,
1542 960 1638 997 aliqua
1662 960 1756 991 efferat-

237 1006 288 1037 ‚tur
311 1004 474 1033 conclusio.
523 1006 593 1035 Non
618 1016 678 1044 est,
701 1011 780 1045 quod
801 1011 831 1041 in
853 1021 896 1040 me
916 1021 1028 1042 sumam
1047 1013 1118 1041 hanc
1138 1020 1309 1068 componege
1331 1012 1419 1040 litem.
1456 1012 1513 1041 Res
1534 1013 1596 1049 ipsa
1611 1020 1671 1041 non
1695 1018 1756 1043 tans

236 1058 302 1082 tum
324 1060 379 1083 tam
401 1056 486 1085 ardua
508 1064 569 1093 est,
600 1066 632 1087 ut
647 1069 770 1090 mearum
791 1063 891 1092 saltem
917 1064 1021 1094 virium
1044 1065 1162 1092 modum
1187 1070 1318 1100 superet3
1342 1072 1441 1092 verum
1466 1063 1549 1093 etiam
1573 1072 1662 1092 meam
1687 1072 1757 1099 quas·

235 1103 413 1143 lemcunque
434 1108 560 1144 proferre
576 1112 742 1141 sententiam
761 1113 818 1142 fere
845 1115 962 1152 impedit
983 1116 1127 1145 veneratio
1151 1124 1210 1144 mea
1234 1124 1298 1153 erga
1321 1116 1446 1145 Illustria
1462 1116 1588 1155 virorum
1609 1114 1757 1146 meritissi-

237 1164 351 1190 morum
378 1161 510 1197 nomina,
533 1172 607 1198 quos
634 1163 668 1193 ab
697 1167 819 1201 utraque
841 1174 921 1203 parte
942 1174 1050 1198 stantes
1077 1168 1212 1196 vidimus.
1262 1167 1414 1206 Quidquid
1436 1168 1492 1203 sit,
1523 1175 1675 1204 sequentes
1697 1165 1756 1196 ani,-

237 1211 450 1241 madversiones
479 1215 605 1244 exercitii
633 1218 720 1246 causa
749 1224 860 1248 tantum
889 1219 921 1249 In
953 1220 1076 1249 medium
1101 1219 1227 1256 prolatas
1256 1219 1378 1256 benigne
1404 1219 1546 1256 accipiant
1572 1218 1755 1249 Professor&

236 1260 399 1292 Clarissimi
423 1265 504 1294 enixe
526 1275 608 1304 rogo.

231 1317 251 1343 ιζ
272 1312 362 1350 Quod
384 1315 410 1343 si
430 1324 496 1352 ergo
515 1318 614 1347 seriem
631 1328 861 1356 argumentorum
885 1324 1063 1359 prolatorum
1082 1331 1301 1359 percurramuS,
1324 1323 1474 1360 sequentia
1490 1322 1624 1352 videntur
1643 1321 1678 1351 de
1693 1320 1755 1351 sin'-

236 1363 313 1399 gulis
338 1367 498 1395 statuenda.

274 1413 356 1451 Quae
382 1417 498 1446 unionis
524 1419 732 1456 principiorum
756 1431 869 1452 causam
889 1425 973 1453 unice
991 1424 1020 1453 in
1042 1425 1175 1453 affinitate
1197 1425 1335 1453 Chemiczi
1355 1432 1488 1460 ponunt,
1511 1425 1595 1452 relata
1617 1423 1697 1452 fuere
1717 1421 1753 1451 ad

234 1466 383 1500 sequentia
404 1468 519 1504 Capita.

272 1516 482 1553 Argumentum
513 1521 640 1550 Primum
658 1524 777 1559 statuit,
802 1525 962 1554 affinitatem
980 1527 1165 1562 Chemicam‚
1184 1527 1367 1563 pertinentem
1390 1533 1532 1562 tamquam
1550 1524 1585 1554 ad
1605 1524 1754 1553 essentiam

234 1567 443 1605 principiorum
464 1578 597 1607 naturae,
620 1574 727 1609 quibus
747 1584 868 1612 corpora
885 1577 949 1606 viva
963 1587 1022 1607 non
1040 1578 1120 1607 aliter
1138 1587 1168 1607 ac
1186 1587 1244 1607 non
1263 1579 1327 1608 viva
1347 1584 1578 1615 componuntur,
1593 1585 1651 1606 non
1669 1582 1756 1613 posse

232 1618 337 1654 deleri,
358 1623 495 1657 quamdiu
515 1624 638 1652 existant
662 1625 710 1653 illa
731 1626 883 1663 principia.

271 1669 384 1700 Veritas
414 1673 501 1710 hujus
534 1675 625 1704 thesis
656 1676 769 1705 videtur
793 1685 871 1708 extra
898 1679 1017 1708 dubium
1046 1680 1151 1717 posita.
1192 1680 1261 1709 Non
1287 1689 1444 1717 possumus
1470 1679 1594 1716 cogitare
1612 1677 1754 1715 principia

234 1728 389 1756 corporum
413 1726 635 1762 organicorum,
659 1728 728 1763 quin
751 1730 836 1758 simul
858 1731 1050 1767 intelligamus
1073 1741 1170 1761 eorum
1189 1732 1356 1767 affinitates,
1379 1732 1503 1760 diversas
1522 1736 1549 1757 et
1573 1729 1752 1765 reciprocas,

233 1780 338 1808 easque
361 1774 506 1804 electivas.
547 1777 624 1807 Hinc
644 1786 793 1816 statuunt,
816 1781 839 1809 si
862 1789 977 1813 naturae
996 1784 1136 1820 principia
1154 1785 1346 1813 determinatis
1366 1784 1403 1811 ita
1425 1781 1608 1811 affinitatibus
1630 1781 1753 1817 gauden-

235 1823 274 1852 tia
303 1834 474 1855 concurrant
502 1829 536 1857 ad
560 1838 665 1866 corpus
696 1834 905 1869 qualecumque
927 1835 1024 1863 vivum
1058 1836 1103 1864 vel
1125 1836 1202 1864 aliud
1228 1835 1481 1868 constituendum,
1504 1833 1570 1861 haec
1590 1840 1647 1860 non
1667 1839 1753 1868 posse

234 1876 271 1903 ad
291 1884 418 1905 normam
445 1879 587 1908 affinitatis
615 1882 766 1912 Chemicae
794 1893 855 1913 sese
878 1894 937 1915 non
959 1896 1140 1924 componere.
1195 1889 1268 1917 Sunt
1298 1890 1397 1924 utique
1430 1887 1575 1915 affinitates
1602 1883 1754 1913 Chemicae

235 1924 265 1953 in
288 1929 409 1956 esst-ntia
439 1930 645 1967 principiorum
679 1940 793 1963 naturae
823 1935 975 1972 fundatae,
1006 1937 1043 1965 ita
1075 1946 1106 1966 ut
1136 1940 1219 1968 deleri
1249 1946 1409 1975 nequeant,
1438 1947 1488 1967 nce
1514 1936 1627 1973 possint
1652 1934 1752 1969 Silere,

235 1977 372 2012 quamdiu
391 1981 469 2010 salva
494 1982 552 2011 sint
579 1982 641 2019 ipsa
666 1983 715 2013 illa
738 1986 891 2024 principia:
923 1991 998 2019 unde
1027 1991 1176 2028 sequitur,
1209 2000 1268 2021 non
1290 1999 1375 2028 posse
1397 1988 1536 2027 principia
1559 1993 1673 2016 naturae
1695 1985 1752 2014 Sibi

227 2038 260 2070 Ἴ·
339 2042 349 2067 7·
387 2064 391 2067 ι
1706 2036 1754 2065 ad-
