1940 2474
179 133 222 164 30
466 130 506 160 G.
594 129 620 160 J.
705 131 742 164 C.
825 139 938 161 vax(
1022 130 1416 162 MAssow

184 216 340 247 Dominum
360 217 488 252 noverit,
513 225 636 252 eumque
656 216 804 246 certiorem
830 215 954 251 fecerit,
980 216 1027 245 hic
1049 224 1143 246 autem
1173 217 1247 247 forte
1272 219 1428 255 neglexerit
1455 219 1585 248 ancillam
1611 226 1702 256 snam.⁴

186 270 344 304 vindicare3
368 275 435 304 aut,
457 277 492 297 an
515 269 544 296 b.
571 267 593 298 f.
615 269 718 297 Emtor
738 269 821 297 etiam
845 276 1026 304 cognoscens
1050 269 1206 298 Dominum
1222 291 1233 305 ,
1263 279 1329 298 eum
1351 270 1498 299 certiorem
1522 270 1613 299 facere
1636 279 1696 300 non

189 321 328 358 potuerit.
369 320 424 349 llis
446 320 561 348 casibus
585 320 742 350 Possessor
760 326 858 356 potest
878 328 935 348 rem
963 328 1144 357 usucapere,
1175 321 1220 349 sin
1249 328 1365 357 autem,
1393 330 1573 358 cognoscens
1598 322 1698 350 Domi-

187 377 277 408 num,
307 380 370 401 eum
392 372 540 400 certiorem
558 371 759 408 non-fecerit,
790 380 855 400 cum
880 377 1003 407 posset,
1033 378 1102 400 tunc
1125 381 1184 401 non
1207 373 1394 402 continuatur
1423 373 1595 409 Usucapio,
1625 382 1699 409 quo-

187 425 262 453 niam
287 430 357 452 tunc
380 425 452 452 clam
477 423 624 460 possidet,
647 424 726 459 quod
747 423 921 452 contrarium
943 423 1019 451 foret
1042 423 1115 452 idem
1140 425 1211 453 clam
1235 431 1263 453 et
1288 433 1341 461 pro
1357 433 1413 453 suo
1429 424 1578 460 possidere
1598 424 1658 462 (35
1667 425 1695 461 >-

188 475 352 512 Juliamts,
380 477 465 513 quus
485 475 624 504 sententia
646 475 675 503 in
695 475 828 511 sequenti
850 476 878 511 §.
903 474 1044 510 refertur,
1073 475 1183 504 tandem
1207 476 1374 511 concludit,
1404 484 1484 511 eum,
1512 475 1563 511 qui
1583 481 1701 504 matrem

193 526 329 556 furtivam
351 536 413 556 esse
436 527 627 564 ignoraverit,
656 534 690 555 ex
712 535 742 554 ea
770 535 855 555 causa
882 533 994 562 partum
1018 535 1174 563 usucapere
1196 536 1300 563 posse,
1332 536 1365 555 ex
1389 536 1445 563 qua
1466 527 1557 563 ipsam
1577 527 1700 555 Matrem

191 587 346 615 usucapere
369 579 534 615 potuisset,
557 578 582 606 si
603 577 711 606 furtiva
733 586 792 606 non
816 577 932 607 fuisset.
973 578 1039 607 Hoc
1061 579 1133 607 idem
1155 578 1301 615 Julianus
1318 579 1402 607 docet
1426 579 1455 607 in
1477 578 1516 606 L.
1533 586 1583 615 33.v
1593 584 1647 616 pr.
1660 576 1697 613 ff.

191 630 225 659 de
241 631 351 669 Usus-p.
366 637 393 658 ct
411 631 499 659 Usuc.
522 637 548 658 et
566 630 646 665 quod
666 629 705 657 ibi
723 630 757 658 de
782 629 968 666 Usucapionc
982 630 1073 666 dixit,
1095 630 1178 659 etiam
1199 631 1322 667 pertinet
1342 631 1379 659 ad
1399 629 1614 665 Publicianam,
1636 636 1703 658 cum

190 682 257 710 haec
277 682 352 711 actio
373 682 434 710 sine
454 682 502 709 illa
522 681 640 710 existere
659 688 791 717 nequeat.

235 733 316 771 Quae
338 741 431 761 autem
454 734 510 762 huc
537 741 631 768 usque
655 732 780 761 diximus
803 733 836 761 de
859 740 943 770 partu
967 733 1102 768 ancillae,
1123 733 1212 762 'etiam
1236 742 1301 762 vera
1325 740 1395 762 sunt
1420 733 1454 762 de
1477 739 1560 770 partu
1583 738 1702 768 partus,

188 792 257 812 cum
282 785 329 813 hic
353 786 447 813 eadem
472 784 544 812 ratio
564 784 654 819 adsit,
681 793 748 820 crgo
768 785 841 813 idem
862 786 910 821 jus
931 787 1026 813 locum
1051 785 1151 814 habere
1175 785 1284 813 debeat.
1333 785 1372 813 Et
1396 786 1450 813 hoc
1478 793 1538 813 non
1558 785 1653 813 solum
1676 783 1703 812 si

191 842 280 864 mater
298 843 413 872 partum
435 835 566 871 peperit,
595 836 644 863 sed
668 835 750 863 etiam
774 835 798 862 si
822 842 889 871 post
918 843 1036 863 mortem
1063 837 1124 872 ejus
1154 842 1254 872 partus
1285 844 1318 864 ex
1341 842 1437 864 ventre
1469 842 1615 864 extractus
1642 835 1699 870 sit;

190 895 254 916 nam
275 888 407 923 quamvis
426 886 520 916 Mater
540 893 609 915 tunc
630 895 723 915 revera
745 886 801 914 dici
821 893 946 922 nequeat
970 886 1134 922 peperisse,
1164 886 1282 915 effectus
1309 893 1402 914 tamen
1431 886 1503 914 idem
1529 886 1582 913 erit
1613 894 1644 914 ac
1677 884 1703 914 si

188 939 360 975 peperisset.
398 939 459 975 Jam
482 939 549 967 haec
575 938 670 967 omnia
694 938 728 966 de
748 944 831 974 partu
853 937 971 966 ancillae
994 937 1128 966 furtivae.
1169 937 1250 975 Quae
1273 944 1366 966 autem
1391 937 1428 966 ob
1461 936 1609 973 paritatem
1628 935 1703 972 J'uris

191 989 221 1017 in
244 990 307 1019 aliis
328 991 413 1019 rebus
435 992 531 1020 locum
552 990 635 1018 etiam
657 990 781 1024 habent,
804 990 861 1017 huc
879 990 1038 1025 pertinere,
1061 996 1157 1018 monet
1174 989 1269 1026 JCtus
1289 990 1317 1025 ἕ.
1331 990 1368 1023 6,
1391 988 1433 1016 uti
1457 988 1485 1016 in
1505 988 1623 1016 aedibus
1647 995 1705 1016 em-

192 1040 243 1069 tis.
285 1041 417 1077 Scilicet,
434 1042 522 1070 sicuti
540 1048 638 1078 partus
656 1041 774 1070 ancillae
794 1041 918 1070 furtivae
933 1041 1099 1070 Publiciana
1116 1041 1228 1070 actione
1241 1042 1299 1077 peti
1313 1048 1428 1077 posset,
1450 1041 1492 1069 sic
1507 1040 1609 1075 etiam,
1632 1046 1706 1075 quae

191 1092 311 1121 aedibus
335 1094 495 1129 accedunt,
516 1100 549 1121 ut
573 1095 670 1130 tigna,
692 1093 810 1122 aedibus
829 1093 952 1129 dirutis,
975 1093 1026 1121 hac
1050 1094 1162 1122 actione
1184 1093 1245 1130 peti
1269 1099 1406 1129 possunt.
1455 1092 1525 1121 Non
1546 1091 1619 1120 enim
1640 1099 1707 1121 cen-

189 1151 292 1173 sentur
312 1145 429 1174 aedibus
454 1145 577 1181 similia,
606 1154 678 1181 quae
698 1144 723 1173 ei
745 1152 929 1174 accesserunt
948 1147 1043 1184 (36).
1093 1146 1182 1173 secus
1213 1153 1244 1173 ac
1273 1145 1302 1174 in
1326 1143 1491 1173 accessione
1512 1151 1563 1179 per
1585 1142 1710 1171 alluvio-

189 1201 277 1231 nem,
305 1196 334 1224 in
356 1195 448 1225 fundo
470 1197 575 1225 alieno.
626 1196 731 1225 Omnia
756 1197 829 1225 enim
852 1206 925 1233 quae
955 1197 1065 1233 fundo,
1093 1197 1197 1232 quovis
1222 1196 1359 1233 temporis
1386 1201 1551 1230 momento,
1581 1200 1707 1224 accesse-

188 1253 275 1283 runt,
304 1248 431 1285 ejusdem
452 1249 525 1286 juris
546 1257 577 1276 ac
596 1249 775 1278 conditionis
800 1256 966 1284 e1·unt,<ac
986 1249 1050 1284 ipse
1070 1248 1180 1277 fundus
1201 1255 1256 1277 est.
1306 1248 1335 1276 Si
1363 1247 1453 1284 igitur
1477 1246 1585 1274 fundus
1609 1243 1709 1280 prohi-

189 1296 275 1325 bente
295 1297 373 1335 Lege
392 1300 437 1327 vel
462 1300 683 1329 Constitutione
703 1309 859 1336 possessus
880 1301 943 1335 sit,
974 1307 1044 1329 tunc
1070 1309 1122 1329 nec
1149 1309 1200 1335 ea,
1229 1308 1301 1336 quae
1322 1299 1348 1328 ei
1375 1298 1531 1332 accedunt,
1563 1294 1705 1333 possideri

188 1355 325 1383 possunt.
375 1349 407 1376 Si
429 1355 528 1377 COntl'a
549 1351 613 1385 jure
633 1360 788 1385 possessus
808 1353 845 1379 sit
866 1352 995 1381 fundus.
1026 1358 1094 1381 tunc
1113 1351 1230 1386 omnia,
1260 1359 1333 1385 quae
1351 1350 1377 1377 ei
1401 1350 1559 1383 accedunt,
1580 1356 1630 1384 Pcr
1649 1348 1705 1377 Pu·

192 1398 343 1428 blicianam
364 1399 424 1436 peti
444 1405 581 1436 possunt.
618 1418 620 1420 -

229 1449 305 1478 Idem
324 1459 366 1480 est
387 1451 411 1479 si
436 1457 570 1487 petantur
593 1456 701 1478 statuae
724 1454 814 1477 emtae
833 1453 927 1483 partes
947 1445 1067 1480 recisae,
1098 1451 1168 1481 puta
1189 1444 1357 1480 brachium;
1382 1443 1408 1472 si
1435 1450 1528 1472 statua
1552 1450 1596 1473 est
1620 1444 1706 1474 furti—

191 1509 246 1536 va,
267 1507 338 1530 tunc
361 1510 419 1530 non
437 1509 535 1538 potest
560 1501 709 1530 brachium
730 1499 884 1528 ferrumine
904 1499 1037 1535 junctum
1060 1497 1111 1525 hac
1140 1497 1251 1525 actione
1272 1497 1343 1533 peti.
1384 1496 1413 1523 Si
1438 1501 1538 1525 contra
1559 1502 1653 1525 statua
1675 1505 1706 1526 aa

193 1553 232 1581 sit
256 1561 376 1589 natura,
398 1561 431 1582 ut
455 1553 575 1589 usucapi
602 1560 707 1589 queat,
729 1559 799 1580 tunc
819 1549 985 1584 brachium,
1008 1549 1089 1584 quod
1113 1548 1265 1577 ferrumine
1286 1548 1310 1576 ci
1327 1548 1461 1584 junctum
1482 1554 1542 1582 est,
1564 1547 1704 1585 usucapi,

192 1609 222 1631 et
245 1611 454 1640 consequenter
476 1606 632 1634 rescissum
652 1603 819 1633 Publiciana
836 1601 894 1638 peti
916 1606 1013 1637 potest
1034 1600 1091 1636 (37
1101 1601 1126 1637 ).
1175 1599 1251 1628 Dico
1273 1599 1297 1628 si
1316 1599 1484 1636 ferrumine
1504 1599 1640 1636 junctum
1666 1599 1704 1628 sit

196 1653 362 1689 brachium,
390 1665 449 1686 non
468 1664 563 1685 autem
585 1658 609 1686 si
625 1656 829 1695 plumbatum.
879 1652 1072 1681 Differentiam
1103 1659 1232 1680 accurate
1256 1658 1337 1680 notat
1356 1652 1395 1680 L.
1419 1660 1466 1687 23.
1488 1652 1515 1687 §.
1538 1661 1566 1686 4⁷
1588 1650 1625 1687 ff.
1648 1651 1704 1679 Rei

193 1704 283 1734 Vind.
325 1704 413 1743 Quod
436 1709 509 1734 enim
529 1718 579 1742 per
603 1707 865 1737 ferruminationcm
887 1706 1020 1743 junctum
1045 1711 1098 1743 est,
1133 1712 1279 1739 nunquam
1311 1705 1344 1732 ad
1371 1703 1525 1741 pristinum
1545 1702 1705 1732 Dominum

1660 1758 1702 1782 re-

224 1840 288 1867 (35)
304 1842 340 1863 Cf.
357 1841 420 1861 Glack
435 1841 449 1861 1-
464 1841 479 1863 Ι.
498 1847 519 1868 ρ.
540 1846 589 1868 ⁸⁴4·
620 1841 664 1861 Vm
677 1841 713 1862 der
729 1843 807 1863 Kamul
822 1843 876 1863 Diu.
893 1843 909 1863 1.
926 1848 946 1863 c.
962 1845 983 1865 4.
998 1839 1018 1864 S.
1036 1838 1077 1865 16,
1098 1843 1120 1860 ct
1142 1839 1167 1867 J.
1183 1844 1221 1860 ran
1244 1838 1278 1859 dar
1291 1836 1369 1859 Linde„
1389 1837 1464 1859 Adnot.
1481 1836 1509 1860 aa
1525 1837 1574 1860 Vm
1589 1836 1663 1859 Coun.
1675 1833 1706 1856 al

195 1881 214 1901 e,
234 1883 255 1902 T.
275 1882 301 1908 ff.
329 1882 346 1907 f.
363 1888 384 1907 4.

224 1922 286 1948 (36)
303 1924 338 1944 Cs-
357 1923 429 1948 (usae.
446 1925 467 1944 in
482 1925 547 1944 Rm'e-
561 1924 588 1943 ad
600 1925 620 1945 hy
638 1925 664 1945 T.
695 1923 762 1946 Νῦσάν
775 1925 802 1945 ad
813 1925 833 1945 Ιι.
853 1924 877 1945 Τ.
888 1924 914 1951 ffl
933 1931 962 1947 w.
975 1924 1079 1952 promittit
1093 1923 1158 1950 igitur
1169 1922 1266 1944 Praetor.

220 1963 286 1991 (87)
301 1965 358 1986 Aut.
372 1964 437 1986 faber
454 1966 476 1986 in
489 1967 539 1987 Rae.
554 1965 581 1986 ad
598 1966 620 1987 Ι).
636 1966 652 1986 Ι.
