1940 2474
244 162 282 206 πί»
590 163 970 200 ABRAHAMI
1023 158 1401 196 CAPADocE

246 259 309 297 quit
330 257 415 296 (10)
445 277 462 292 ,,
479 255 543 285 sind
563 255 608 284 die
629 255 764 284 Tendenz
787 254 835 282 der
853 253 881 281 T
883 252 958 280 hiers
978 251 1007 279 in
1031 251 1127 279 seinen
1145 250 1303 287 Ursprung
1321 249 1615 279 zui-tickzusinkeu.”⁴
1651 251 1749 287 Ipsam

244 319 331 348 porro
353 308 539 338 nutritionem
566 315 626 335 esse
647 314 740 334 revera
759 303 964 333 iesolutionem
992 308 1186 331 assumtorum
1216 301 1246 330 in
1272 301 1441 329 animalcula
1464 301 1655 338 elementaria,
1677 310 1752 339 quae

247 369 315 391 tunc
337 360 393 389 alio
412 359 498 388 modo
521 358 623 386 iterum
647 358 823 394 jungantur,
848 360 881 382 ut
906 352 1002 381 cuivis
1022 352 1095 388 parti
1116 361 1220 381 novam
1244 352 1286 380 illi
1314 351 1434 380 similem
1458 353 1652 390 suppeditent.
1691 353 1751 382 Ge-

243 412 416 444 nerafionem
436 417 552 446 quoque
578 407 628 436 tali
647 407 732 435 modo
754 404 872 442 intelligi
894 412 990 440 posse.
1031 403 1130 432 Semen
1152 404 1225 432 enim
1247 403 1426 432 animalculis
1443 411 1566 439 scatere,
1589 412 1661 440 quae
1682 410 1753 433 tam-

246 473 331 501 quam
355 462 495 501 principia
520 459 611 489 futuri
641 459 737 487 foetus
765 455 934 486 considerari
959 453 1085 490 possint.
1126 454 1208 483 Hanc
1235 454 1271 483 ob
1295 463 1409 483 causam
1434 462 1464 483 ea
1486 456 1685 484 tantummodo
1709 455 1754 484 in-

245 514 335 543 venin’
357 514 387 542 in
409 512 515 542 semine
536 510 661 541 hominis
683 509 816 546 (aliusve
839 505 991 542 animalis)
1013 505 1102 533 adulti
1122 512 1149 533 et
1167 505 1200 534 ad
1222 505 1472 541 reproductionem
1497 506 1575 542 apti,
1597 506 1636 534 ita
1654 512 1687 535 ut
1706 514 1752 534 se-

247 566 334 594 minis
364 565 448 601 quasi
484 562 634 592 essentiam
665 560 854 589 constituant.
911 556 1101 586 Secretionem
1134 557 1252 585 seminis
1288 564 1351 585 esse
1380 557 1565 586 secretionem
1594 556 1756 586 infusorio-

246 626 309 646 rum
332 617 428 654 (11).
471 635 489 650 „
505 613 559 644 Die
581 612 671 642 Idee''
694 611 733 640 ait
762 632 781 646 „
796 611 849 638 deu
871 608 972 638 Samen
992 607 1044 635 mit
1067 608 1145 636 einer
1159 607 1336 644 Flussigkeit
1358 616 1396 636 zu
1419 608 1616 645 vergleichen‚
1643 608 1689 636 die
1707 607 1759 636 be-

248 689 267 705 „
288 668 370 707 ginnt
391 667 421 696 in
444 666 577 696 Faulniss
595 666 634 693 zii
661 663 841 700 iibeigehen‚
873 662 911 690 ist
935 659 1020 688 daher
1039 666 1109 694 gans
1129 659 1188 687 und
1208 667 1259 695 gar
1280 659 1378 693 wahr3
1409 659 1467 687 und
1493 667 1557 688 man
1588 668 1669 688 muss
1692 660 1758 688 sich

253 741 271 757 ‚‚
290 728 339 748 um
365 728 398 748 so
417 719 496 747 mein
513 717 670 750 wundern‚
693 715 775 749 dass,
797 713 868 742 nach
889 713 951 741 dem
973 711 1017 741 die
1035 711 1125 740 Sache
1145 712 1246 740 einmal
1269 721 1302 740 so
1322 712 1395 740 niihe
1415 712 1535 740 berfihrt
1553 713 1670 748 wurde,
1693 720 1759 741 man

254 791 272 807 ‚‚
293 771 338 800 die
360 770 584 805 Samenbildung
606 767 686 796 nicht
707 767 759 794 mit
782 766 830 794 der
850 764 1005 794 Generatio
1025 763 1181 799 aequivoca
1202 763 1345 799 vei-glich,
1368 764 1427 791 und
1447 763 1527 792 beide
1552 764 1593 792 als
1620 764 1758 793 Processe

255 843 272 858 „
293 822 484 855 betrachtete,
506 820 535 847 in
549 819 677 847 welchen
698 817 861 846 Infusmien
883 815 1046 844 entwickelt
1062 815 1192 850 werden3
1215 823 1270 842 nur
1286 814 1338 842 mit
1360 816 1422 842 dem
1447 815 1672 850 Unterschiede,
1691 815 1757 843 dass

256 893 274 909 ‚‚
293 873 341 901 der
363 872 499 909 gencrelle
526 868 723 906 Organischen
753 868 888 895 processe
904 887 914 901 ‚
941 867 1031 894 durch
1058 866 1112 894 den
1136 865 1182 893 bei
1207 866 1255 893 der
1284 865 1416 893 Faulniss
1447 865 1492 893 die
1517 865 1680 894 Infusoricn
1705 873 1761 894 aus-

253 945 271 959 „
292 924 372 952 ihien
399 922 510 950 Fisseln
538 927 653 955 tneten,
683 919 728 947 bei
760 919 821 947 dem
850 918 951 946 Samen
983 925 1022 944 zu
1049 916 1138 943 einem
1166 914 1369 943 individuellen
1398 916 1548 951 geworden
1575 916 1624 946 ist.
1640 915 1660 928 ’⁹
1708 917 1763 945 Per

251 981 432 1004 transennam
461 974 543 1002 liceat
567 972 732 1005 admonere„
758 978 817 998 nou
836 976 892 998 tam
924 966 1036 995 facilem
1061 965 1178 995 seminis
1203 965 1324 994 fabricae
1340 966 1556 1001 explicationem
1576 967 1666 995 visam
1688 966 1763 996 fuis-

252 1035 283 1056 se
302 1026 412 1063 Magno
433 1032 535 1054 nostro
557 1023 715 1053 Boerlzavio
744 1043 761 1058 „
776 1021 845 1050 Non
864 1022 965 1055 datur,
995 1019 1110 1054 inquit,
1137 1017 1222 1055 (η)
1242 1017 1294 1045 ulli
1320 1017 1482 1047 mortalium
1508 1018 1602 1047 videre
1624 1019 1763 1054 modum,

256 1096 273 1111 „
295 1085 353 1112 quo
376 1075 619 1112 corpusculorum
646 1073 762 1101 minima
785 1078 890 1101 coeunt
908 1071 943 1099 ad
960 1070 1184 1108 componendam
1206 1069 1367 1097 seminalem
1390 1069 1538 1098 fabrIcam.
1575 1069 1667 1098 Nullo
1688 1071 1765 1099 valet

255 1148 275 1165 ‚⁷
294 1127 402 1157 intuitu
423 1128 553 1166 detegere
568 1126 724 1160 virtutem,
748 1131 820 1160 quae
834 1123 968 1159 dispensa
990 1123 1128 1151 elementa
1148 1127 1232 1157 cogat
1253 1120 1282 1148 in
1302 1128 1469 1158 compagem
1497 1119 1633 1157 seminis,
1660 1119 1765 1150 nedum

257 1200 275 1217 „
295 1180 451 1214 rationem,
476 1179 533 1214 qua
553 1178 620 1206 haec
642 1177 690 1205 illa
711 1175 868 1204 01·.dinent'

296 1228 348 1261 IV.
370 1230 571 1267 Secti0(13)
612 1229 769 1258 Generalio
791 1228 947 1265 aequivoca
968 1226 1045 1254 haud
1065 1224 1200 1261 exiguum
1224 1229 1420 1260 argumentum
1440 1224 1607 1260 propositae
1628 1223 1703 1252 thesi
1723 1222 1768 1252 af-

256 1280 329 1310 ferre
350 1281 471 1309 videtur.
521 1279 566 1307 Ab
589 1278 799 1315 antiquissimis
825 1277 898 1307 enim
920 1276 1108 1312 Philosophis
1133 1283 1159 1305 et
1181 1276 1326 1305 Historiae
1354 1275 1501 1305 Natmaljs
1524 1275 1687 1305 cultoribus
1707 1276 1768 1312 J'am.

258 1333 440 1361 observatum
459 1330 533 1366 fuit,
557 1330 679 1367 generari
697 1336 790 1365 partes
809 1328 938 1357 viventes
962 1328 1108 1365 organicas
1131 1329 1162 1357 in
1185 1328 1275 1363 locis,
1299 1327 1349 1356 ubi
1375 1334 1456 1356 antea
1480 1328 1591 1356 nullum
1613 1326 1767 1362 vestigium

260 1384 408 1414 vitalitatis
432 1385 534 1412 aderat.
583 1383 630 1410 Sic
649 1381 818 1409 Aristoteles
836 1381 918 1418 (14)
942 1381 997 1417 jam
1017 1380 1103 1408 dixit:
1137 1400 1154 1414 ‚‚
1171 1379 1359 1407 Procreantur
1384 1379 1492 1407 insecta
1511 1384 1560 1406 aut
1581 1386 1615 1406 ex
1641 1376 1771 1406 animuli-

265 1456 282 1473 „
303 1436 360 1465 bus
375 1436 499 1473 ejusdem
521 1433 652 1471 generis,
676 1439 724 1461 aut
748 1440 807 1461 nou
830 1440 864 1460 ex
884 1431 1054 1460 animalibus
1079 1432 1128 1460 sed
1149 1437 1269 1468 sponte:
1299 1430 1353 1458 alia
1372 1439 1408 1459 ex
1429 1438 1491 1459 rore
1506 1450 1515 1466 ,
1546 1429 1596 1466 qui
1616 1427 1770 1458 frondibus

1691 1499 1710 1515 „
1730 1486 1775 1507 m·

289 1582 355 1612 (ιο)
370 1585 386 1605 1.
400 1584 416 1605 1.
439 1588 489 1610 pag.
506 1587 541 1607 35·

290 1623 420 1652 (11)1.1.
443 1629 492 1650 pag.
506 1623 544 1645 62.

291 1665 356 1693 (ια)
370 1665 395 1686 ln
413 1665 494 1686 eximia
507 1670 545 1686 sun
563 1663 623 1686 Orat.
636 1663 674 1684 lv.
705 1662 738 1684 De
753 1661 902 1688 comparando
916 1665 980 1682 certo
993 1659 1016 1682 in
1029 1658 1143 1687 Physicis,
1159 1665 1208 1687 με.
1223 1663 1260 1686 31.

291 1706 305 1734 (
317 1707 357 1733 ¹3)
374 1706 476 1732 Lymnet‚
492 1705 593 1731 Tlxc‘ologt'e
606 1704 638 1724 ln
650 1705 735 1724 Iasum
749 1708 788 1725 etc.
809 1704 873 1725 Tom.
887 1702 904 1723 1.
923 1702 994 1729 Chap.
1009 1703 1026 1723 1.
1049 1707 1098 1728 pag.
1114 1700 1217 1727 45—66.
1252 1700 1340 1727 Halia,
1362 1700 1427 1722 Elam.
1444 1699 1502 1727 Phys,
1517 1699 1576 1726 Curp.
1590 1699 1652 1719 Hau.
1675 1698 1701 1719 Τ.
1715 1696 1772 1718 vm.

264 1747 324 1770 Libr.
340 1753 376 1774 α’.
397 1749 455 1769 sect.
470 1752 490 1767 2.
514 1748 534 1774 s.
552 1750 584 1771 13.
606 1751 656 1773 pag.
672 1750 721 1770 ¹07-
753 1745 813 1765 cun.
829 1743 913 1770 Spreng.
938 1743 993 1764 Inst.
1007 1743 1066 1764 Mad.
1090 1743 1118 1764 Τ.
1134 1742 1161 1764 11.
1184 1742 1235 1764 Lib.
1250 1748 1272 1763 α.
1292 1743 1348 1769 Cap.
1363 1746 1383 1764 ι.
1404 1747 1452 1769 pag.
1465 1742 1515 1768 481.
1544 1739 1645 1767 Redolphi
1665 1738 1688 1758 dc
1707 1739 1775 1759 Enu-

264 1791 320 1815 ιοῐι,
343 1789 396 1815 Cap.
414 1789 491 1809 XVIII.
513 1789 570 1809 sect.
588 1791 609 1811 ⁵-
640 1786 728 1812 Ludwr'g
745 1785 868 1810 Ludiemn,
889 1784 942 1804 ονεν
955 1783 978 1804 de
990 1784 1115 1809 mamonae
1134 1783 1178 1810 (te
1196 1783 1279 1804 vinden
1298 1783 1321 1804 in
1341 1783 1368 1804 de
1387 1779 1569 1807 Nnuurkundige
1582 1779 1775 1806 Verhmdelinge-

265 1835 307 1852 van
320 1830 348 1850 de
361 1830 422 1851 Hou-
435 1830 539 1850 Maazscn.
556 1829 595 1850 der
608 1828 737 1849 wetensch.
755 1831 776 1847 te
790 1826 907 1851 llam-lem,
928 1825 1028 1846 zevende
1042 1825 1098 1846 Deel
1108 1839 1116 1851 ‚
1132 1829 1203 1845 eei-ste
1218 1824 1292 1847 stult.)
1338 1847 1346 1855 ι

294 1869 358 1899 (14)
374 1870 452 1894 Hister.
470 1871 542 1892 Auia.
559 1870 608 1891 Lib.
625 1870 651 1890 V.
669 1869 724 1895 Cap.
743 1873 777 1893 ¹9-
792 1877 820 1883 —
835 1867 895 1888 Idem
909 1866 967 1892 apud
980 1866 1059 1887 Ροὸιες
1073 1865 1117 1890 jam
1132 1865 1217 1886 dictum
1230 1870 1271 1886 est.
1283 1864 1317 1886 sic
1332 1863 1397 1887 om.
1411 1862 1511 1886 Liaxv.
1527 1862 1664 1890 Μαι-πῄ.
1679 1861 1726 1884 ἰὼ.
1738 1864 1776 1887 ⁸⁴·

597 1925 615 1937 „
629 1910 701 1932 Nonne
716 1909 783 1934 vida,
804 1913 935 1935 quantumque
950 1912 1006 1927 nora
1018 1905 1119 1933 fluidoque
1136 1907 1214 1933 liquore

596 1966 613 1978 ‚‚
629 1949 716 1977 Corpora
731 1949 850 1977 tabuerint,
863 1950 886 1970 in
896 1954 964 1976 parvo
978 1948 1086 1970 Animalia
1102 1948 1158 1969 veru
1168 1961 1176 1974 ,
1192 1946 1251 1968 m?
