1960 2500
692 151 1163 197 o'RA'rio.
1652 171 1695 206 ,5

160 279 242 315 sas,
271 268 320 304 ita
347 269 380 301 et
402 262 591 301 hominum
619 264 758 295 mentes
785 257 1018 307 animosque,
1048 257 1094 294 ad
1123 259 1274 306 optimos
1301 271 1466 310 quosque
1486 260 1575 300 fines
1591 268 1687 305 refe-

155 331 270 368 rentis
298 341 341 364 ac
371 327 557 379 dirigentis
585 321 814 375 procuratio!
868 321 903 357 Ο
934 320 1099 356 inaudita
1130 333 1211 367 res,
1238 335 1348 371 quarn
1365 336 1469 359 nemo
1490 338 1560 362 non
1581 329 1687 368 Reli-

153 392 272 444 gionis
290 400 324 428 et
346 388 497 429 virtutis
522 386 664 432 cultor,
685 385 910 432 simulatque
929 383 964 419 in
985 383 1103 418 lucem
1122 383 1302 431 prolatam
1319 385 1431 432 vidit,
1452 388 1504 423 rei
1522 392 1682 430 novitate

153 451 542 500 attonitus,·laudavit
566 458 599 485 et
620 448 775 495 extulit,
800 447 954 495 Deoque
972 459 1039 494 pro
1058 446 1127 481 hoc
1147 454 1247 495 tanto
1269 456 1400 483 eventu
1420 450 1559 498 gratias
1581 455 1679 502 egit,

152 526 185 554 et
210 517 272 566 pia
305 526 376 565 pro
403 514 463 549 his
490 510 727 567 Principibus
759 519 843 547 vota
869 508 1055 558 concepit!
1109 509 1202 544 lnter
1224 510 1433 557 complures
1449 514 1594 561 saepius
1613 529 1680 564 po.

150 580 260 630 pulos
273 606 285 625 ,
312 578 554 626 Imperatores
565 604 577 622 ,
600 574 743 624 Reges,
761 573 949 621 Principes
969 585 1011 608 ae
1029 570 1293 620 Magistratus,
1319 574 1556 611 consiliorum
1579 591 1677 617 com.

149 642 307 678 munitas
345 648 378 676 et
415 637 645 675 necessitudo
682 637 842 683 exstitit,
891 636 937 672 ad
972 647 1032 671 res
1070 647 1221 684 magnas
1265 635 1486 682 conjunctim
1525 638 1677 677 efficien-

145 703 233 750 das3
269 716 309 739 ea
339 714 427 740 vcro
460 701 523 738 vix
548 713 712 750 unquam
745 699 835 735 satis
863 697 935 734 fida
973 697 1046 734 fuit
1082 705 1116 733 et
1149 705 1347 743 constanS,
1389 706 1422 734 et
1455 699 1676 751 plerumque

144 773 295 813 eventus
315 777 415 813 spem
432 763 578 800 fefellit.
622 762 818 799 Rarissimi
836 761 992 809 exempli
1012 767 1066 796 est
1085 760 1172 795 talis
1191 760 1420 797 diversorum
1436 761 1674 812 Principum,

141 827 345 877 iisdemque
371 826 620 875 subjectarum
647 825 831 875 gentium,
860 825 897 860 in
924 823 1036 858 rebus
1063 823 1110 858 ad
1138 835 1286 858 causam
1311 836 1531 861 communem
1558 828 1676 874 perti.

139 886 308 926 nentibus
342 885 491 938 agendis
517 887 818 937 perficiendisque
844 886 1038 922 concordia
1072 893 1180 933 atque
1207 887 1452 933 unanimitas,
1479 888 1603 937 qualis
1629 902 1672 926 eo

138 953 176 988 in
193 952 292 987 bello
309 952 466 1000 gerendo
490 950 561 986 suit
581 951 802 997 conspicua,
831 962 904 997 quo
933 948 1153 983 durissimae
1180 961 1296 995 nuper
1325 950 1561 986 dominationi
1584 950 1671 988 finis

136 1014 328 1062 impositus
351 1022 429 1059 est3
456 1012 644 1047 inauditus
670 1011 734 1045 ille
760 1011 854 1045 inter
873 1018 925 1045 tot
951 1010 1140 1057 Principes
1161 1009 1299 1045 diversi
1318 1011 1408 1046 coeli
1427 1012 1669 1062 diversaeque

137 1076 289 1120 aetatis,
318 1074 473 1111 diversis
508 1073 687 1120 ingeniis,
717 1072 907 1118 sensibus,
935 1071 1125 1116 moribus,
1155 1070 1299 1119 legibus
1332 1081 1441 1121 atque
1465 1074 1663 1123 institutis,
1707 1109 1709 1112 .

133 1136 316 1173 actionum
340 1147 408 1184 pro
427 1147 467 1169 re
483 1134 641 1169 omnium
665 1140 699 1168 et
722 1132 841 1167 salute
861 1132 1093 1180 singulorum
1113 1144 1311 1168 consensus
1333 1143 1366 1169 et
1385 1137 1493 1183 quasi
1514 1149 1665 1173 concen—

131 1204 214 1245 tus3
241 1196 430 1233 inauditus
448 1197 559 1244 plane
580 1209 598 1230 a
624 1202 674 1230 tot
700 1194 808 1230 sociis
823 1222 836 1240 ,
863 1193 983 1232 divisa
1003 1202 1037 1230 et
1063 1194 1134 1230 late
1151 1202 1296 1242 patente
1320 1209 1427 1244 opera
1443 1225 1457 1242 ‚
1483 1205 1660 1248 tanquam

130 1260 244 1296 unius
273 1259 461 1296 voluntate
488 1266 651 1294 actorum
680 1257 766 1293 talis
792 1264 825 1292 et
846 1264 993 1303 tantus,
1021 1270 1130 1306 quem
1149 1270 1252 1293 nemo
1268 1271 1339 1293 non
1358 1259 1577 1307 admiretur,
1606 1261 1662 1298 ef-

129 1321 268 1368 fectus3
284 1320 449 1357 inaudita
468 1320 622 1369 denique
642 1319 749 1368 longe
767 1318 1012 1364 sanctissimi,
1034 1319 1090 1355 his
1108 1320 1263 1356 feliciter
1280 1323 1436 1368 peractis
1448 1351 1460 1368 ‚
1481 1323 1563 1359 initi
1581 1323 1660 1360 soe-

129 1383 226 1420 deris
240 1382 405 1419 'formula
414 1411 427 1429 ,
457 1383 502 1419 ad
524 1390 738 1431 perpetuam
758 1382 953 1418 eorundem
974 1381 1207 1428 felicitatem,
1237 1390 1269 1417 et
1285 1395 1371 1419 vero
1399 1384 1447 1420 ad
1474 1398 1598 1421 veram
1625 1392 1658 1423 et

129 1444 298 1480 stabilem
317 1446 476 1481 omnium
504 1445 668 1493 gentium
696 1445 854 1480 salutem
880 1452 1046 1492 spectans
1055 1472 1068 1490 ,
1098 1453 1153 1491 et,
1186 1445 1292 1492 siqua
1316 1445 1411 1492 alia,
1446 1446 1493 1482 ad
1520 1455 1655 1484 certam

126 1507 412 1556 perfectissimae
432 1506 639 1555 Religionis
658 1519 821 1541 normam
842 1507 1038 1554 composita
1059 1515 1168 1555 atque
1189 1514 1327 1542 exacta.

181 1569 400 1605 Universam
435 1568 551 1615 hujus
581 1567 736 1604 foederis
760 1568 915 1604 sormam
941 1581 982 1604 ac
1018 1569 1193 1604 rationem
1226 1569 1372 1618 penitus
1400 1570 1654 1617 perlustrare,'

126 1620 159 1666 et
187 1629 316 1668 subtili
352 1631 612 1678 Philosophiae
642 1630 778 1667 trutina
811 1631 967 1679 pendere
995 1643 1066 1665 non
1095 1630 1212 1667 lubet.
1265 1632 1422 1680 Saepius
1455 1632 1647 1680 Principes

122 1691 351 1743 Religionem
368 1694 492 1730 minus
508 1693 658 1729 honesta
680 1694 818 1729 ratione
841 1693 1084 1738 adhibuisse,
1111 1701 1145 1729 et
1163 1692 1232 1729 hoc
1250 1694 1366 1730 solum
1393 1694 1544 1729 consilio
1570 1705 1647 1729 rem

125 1756 385 1792 sanctissimam
412 1756 743 1801 commendavisse,
775 1765 935 1803 constat,
964 1765 1004 1792 ut
1022 1756 1176 1804 populos
1191 1755 1370 1792 honorum
1391 1769 1453 1803 spe
1471 1764 1505 1791 et
1529 1759 1647 1791 malo·

123 1827 205 1853 rum
235 1827 331 1854 metu
358 1821 583 1865 coercerent,
613 1827 648 1855 et
673 1820 848 1868 obsequio
880 1832 921 1854 ac
946 1818 1015 1854 fide
1032 1819 1265 1854 continerent.
1318 1818 1374 1854 Eo
1393 1818 1540 1866 quidem
1560 1831 1647 1853 con·-

124 1877 203 1915 silio
225 1880 367 1926 Numa,
397 1881 644 1917 Romanorum
663 1883 766 1928 Rex,
796 1882 1021 1930 Religionem
1046 1895 1128 1917 cum
1158 1880 1311 1929 imperio
1343 1879 1505 1926 arctius,
1533 1891 1643 1928 quam

127 1946 222 1974 antea
251 1942 385 1978 factum
415 1952 529 1988 esset,
558 1944 789 1989 conjunxisse
818 1943 962 1993 legiturss
1025 1944 1255 1982 Octavianus
1288 1945 1504 1991 Augustus,
1540 1955 1585 1976 ne
1618 1953 1639 1975 a

126 2001 315 2051 Religione
343 2004 415 2042 sibi
440 2005 583 2054 aliquid
606 2006 644 2041 in
671 2006 836 2045 consiliis
861 2007 1103 2056 exsequendis
1134 2006 1378 2056 impedimenti
1399 2003 1637 2051 objiceretur,

1560 2074 1642 2099 cum
