<?xml version="1.0" encoding="UTF-8"?>
<!DOCTYPE html PUBLIC "-//W3C//DTD XHTML 1.0 Transitional//EN"
    "http://www.w3.org/TR/xhtml1/DTD/xhtml1-transitional.dtd">
<html xmlns="http://www.w3.org/1999/xhtml" xml:lang="en" lang="en">
 <head>
  <title>
</title>
<meta http-equiv="Content-Type" content="text/html;charset=utf-8" />
  <meta name='ocr-system' content='tesseract 3.04.00' />
  <meta name='ocr-capabilities' content='ocr_page ocr_carea ocr_par ocr_line ocrx_word'/>
</head>
<body>
  <div class='ocr_page' id='page_1' title='image "annalesacademiae16rijk_0155.png"; bbox 0 0 1960 2500; ppageno 0'>
   <div class='ocr_carea' id='block_1_1' title="bbox 330 157 1610 195">
    <p class='ocr_par' dir='ltr' id='par_1_1' title="bbox 330 157 1610 195">
     <span class='ocr_line' id='line_1_1' title="bbox 330 157 1610 195; baseline -0.001 0"><span class='ocrx_word' id='word_1_1' title='bbox 330 159 853 195; x_wconf 75' lang='lat' dir='ltr'><strong>COMMENTATIO</strong></span> <span class='ocrx_word' id='word_1_2' title='bbox 913 157 1388 192; x_wconf 47' lang='lat' dir='ltr'>THEOLOGICA?</span> <span class='ocrx_word' id='word_1_3' title='bbox 1574 170 1610 194; x_wconf 78' lang='grc' dir='ltr'><strong>ιι</strong></span> 
     </span>
    </p>
   </div>
   <div class='ocr_carea' id='block_1_2' title="bbox 91 246 1613 456">
    <p class='ocr_par' dir='ltr' id='par_1_2' title="bbox 91 246 1613 456">
     <span class='ocr_line' id='line_1_2' title="bbox 91 246 1613 288; baseline -0.003 -8"><span class='ocrx_word' id='word_1_4' title='bbox 91 250 167 281; x_wconf 63' lang='lat' dir='ltr'><strong>ziam</strong></span> <span class='ocrx_word' id='word_1_5' title='bbox 197 249 328 288; x_wconf 79' lang='lat' dir='ltr'><strong>inprimis</strong></span> <span class='ocrx_word' id='word_1_6' title='bbox 349 250 465 280; x_wconf 81' lang='lat' dir='ltr'><strong>ornavit</strong></span> <span class='ocrx_word' id='word_1_7' title='bbox 483 250 636 278; x_wconf 74' lang='lat' dir='ltr'><strong>Fischerus</strong></span> <span class='ocrx_word' id='word_1_8' title='bbox 660 249 689 277; x_wconf 88' lang='lat' dir='ltr'><strong>in</strong></span> <span class='ocrx_word' id='word_1_9' title='bbox 710 248 827 278; x_wconf 73' lang='lat' dir='ltr'><strong>Prolus.</strong></span> <span class='ocrx_word' id='word_1_10' title='bbox 850 247 885 276; x_wconf 79' lang='lat' dir='ltr'><strong>de</strong></span> <span class='ocrx_word' id='word_1_11' title='bbox 914 247 1003 276; x_wconf 77' lang='lat' dir='ltr'><strong>Vitiis</strong></span> <span class='ocrx_word' id='word_1_12' title='bbox 1022 246 1126 275; x_wconf 75' lang='lat' dir='ltr'><strong>chlc.</strong></span> <span class='ocrx_word' id='word_1_13' title='bbox 1151 246 1195 275; x_wconf 89' lang='lat' dir='ltr'><strong>N.</strong></span> <span class='ocrx_word' id='word_1_14' title='bbox 1220 246 1274 283; x_wconf 88' lang='lat' dir='ltr'><strong>T.‚</strong></span> <span class='ocrx_word' id='word_1_15' title='bbox 1303 255 1370 283; x_wconf 87' lang='lat' dir='ltr'>pag.</span> <span class='ocrx_word' id='word_1_16' title='bbox 1392 254 1458 281; x_wconf 73' lang='lat'>214.</span> <span class='ocrx_word' id='word_1_17' title='bbox 1474 254 1559 282; x_wconf 87' lang='lat' dir='ltr'><strong>seqq.</strong></span> <span class='ocrx_word' id='word_1_18' title='bbox 1585 253 1613 276; x_wconf 87' lang='lat' dir='ltr'><strong>et</strong></span> 
     </span>
     <span class='ocr_line' id='line_1_3' title="bbox 96 298 1612 335; baseline -0.004 -4"><span class='ocrx_word' id='word_1_19' title='bbox 96 303 251 333; x_wconf 72' lang='lat' dir='ltr'><strong>Animadv.</strong></span> <span class='ocrx_word' id='word_1_20' title='bbox 279 304 319 331; x_wconf 42' lang='lat' dir='ltr'><strong>ad*</strong></span> <span class='ocrx_word' id='word_1_21' title='bbox 343 303 534 331; x_wconf 69' lang='lat' dir='ltr'><strong>Le&#39;scsdenium</strong></span> <span class='ocrx_word' id='word_1_22' title='bbox 556 300 590 329; x_wconf 75' lang='lat' dir='ltr'><strong>dc</strong></span> <span class='ocrx_word' id='word_1_23' title='bbox 615 300 707 328; x_wconf 77' lang='lat' dir='ltr'><strong>Hebr.</strong></span> <span class='ocrx_word' id='word_1_24' title='bbox 731 300 775 327; x_wconf 87' lang='lat' dir='ltr'><strong>N.</strong></span> <span class='ocrx_word' id='word_1_25' title='bbox 798 299 852 334; x_wconf 73' lang='lat' dir='ltr'><strong>T..</strong></span> <span class='ocrx_word' id='word_1_26' title='bbox 882 307 948 335; x_wconf 85' lang='lat' dir='ltr'>pag.</span> <span class='ocrx_word' id='word_1_27' title='bbox 969 307 1018 334; x_wconf 83' lang='lat'><strong>40.</strong></span> <span class='ocrx_word' id='word_1_28' title='bbox 1040 298 1088 326; x_wconf 88' lang='lat' dir='ltr'><strong>cui</strong></span> <span class='ocrx_word' id='word_1_29' title='bbox 1105 300 1182 334; x_wconf 69' lang='grc' dir='ltr'><strong><em>κέρας</em></strong></span> <span class='ocrx_word' id='word_1_30' title='bbox 1204 301 1331 335; x_wconf 66' lang='grc' dir='ltr'><strong>σωτηρίως</strong></span> <span class='ocrx_word' id='word_1_31' title='bbox 1353 298 1426 326; x_wconf 91' lang='lat' dir='ltr'><strong>idem</strong></span> <span class='ocrx_word' id='word_1_32' title='bbox 1445 304 1504 333; x_wconf 78' lang='lat' dir='ltr'><strong>est,</strong></span> <span class='ocrx_word' id='word_1_33' title='bbox 1531 300 1612 333; x_wconf 78' lang='lat' dir='ltr'><strong>quod</strong></span> 
     </span>
     <span class='ocr_line' id='line_1_4' title="bbox 94 349 1611 390; baseline -0.003 -6"><span class='ocrx_word' id='word_1_34' title='bbox 94 356 178 386; x_wconf 71' lang='lat' dir='ltr'><strong>aime,-</strong></span> <span class='ocrx_word' id='word_1_35' title='bbox 200 357 342 390; x_wconf 72' lang='grc' dir='ltr'><strong><em>σωτηρίοις.</em></strong></span> <span class='ocrx_word' id='word_1_36' title='bbox 383 355 405 383; x_wconf 88' lang='lat' dir='ltr'>F</span> <span class='ocrx_word' id='word_1_37' title='bbox 408 354 549 383; x_wconf 88' lang='lat' dir='ltr'><strong>ormulam</strong></span> <span class='ocrx_word' id='word_1_38' title='bbox 566 361 580 380; x_wconf 90' lang='lat' dir='ltr'><strong>e</strong></span> <span class='ocrx_word' id='word_1_39' title='bbox 595 352 643 380; x_wconf 87' lang='lat' dir='ltr'><strong>Ps.</strong></span> <span class='ocrx_word' id='word_1_40' title='bbox 659 351 770 380; x_wconf 86' lang='lat' dir='ltr'><strong>XVIII:</strong></span> <span class='ocrx_word' id='word_1_41' title='bbox 796 360 823 387; x_wconf 84' lang='lat'><strong>3.</strong></span> <span class='ocrx_word' id='word_1_42' title='bbox 845 351 1043 379; x_wconf 82' lang='lat' dir='ltr'>illustrandam</span> <span class='ocrx_word' id='word_1_43' title='bbox 1065 357 1126 377; x_wconf 88' lang='lat' dir='ltr'><strong>esse</strong></span> <span class='ocrx_word' id='word_1_44' title='bbox 1141 356 1237 378; x_wconf 84' lang='lat' dir='ltr'><strong>censet</strong></span> <span class='ocrx_word' id='word_1_45' title='bbox 1258 349 1421 378; x_wconf 78' lang='lat' dir='ltr'><strong>Noesseltus</strong></span> <span class='ocrx_word' id='word_1_46' title='bbox 1438 349 1467 377; x_wconf 92' lang='lat' dir='ltr'><strong>in</strong></span> <span class='ocrx_word' id='word_1_47' title='bbox 1484 349 1611 380; x_wconf 72' lang='lat' dir='ltr'><strong>Dissert.</strong></span> 
     </span>
     <span class='ocr_line' id='line_1_5' title="bbox 91 400 1612 456; baseline -0.003 -22"><span class='ocrx_word' id='word_1_48' title='bbox 91 405 237 440; x_wconf 70' lang='lat' dir='ltr'><strong>laudata,</strong></span> <span class='ocrx_word' id='word_1_49' title='bbox 259 414 324 442; x_wconf 84' lang='lat' dir='ltr'><strong>pag.</strong></span> <span class='ocrx_word' id='word_1_50' title='bbox 341 414 387 442; x_wconf 82' lang='lat'><strong>37.</strong></span> <span class='ocrx_word' id='word_1_51' title='bbox 411 412 444 434; x_wconf 89' lang='lat' dir='ltr'><strong>ut</strong></span> <span class='ocrx_word' id='word_1_52' title='bbox 464 400 582 453; x_wconf 46' lang='lat' dir='ltr'><strong>nyaw&#39;j</strong></span> <span class='ocrx_word' id='word_1_53' title='bbox 604 404 668 456; x_wconf 57' lang='grc' dir='ltr'><strong>ΠΕ</strong></span> <span class='ocrx_word' id='word_1_54' title='bbox 688 403 721 431; x_wconf 88' lang='lat' dir='ltr'><strong>de</strong></span> <span class='ocrx_word' id='word_1_55' title='bbox 738 403 827 440; x_wconf 76' lang='lat' dir='ltr'><strong>galea</strong></span> <span class='ocrx_word' id='word_1_56' title='bbox 849 403 960 431; x_wconf 89' lang='lat' dir='ltr'><strong>dictum</strong></span> <span class='ocrx_word' id='word_1_57' title='bbox 982 402 1042 436; x_wconf 78' lang='lat' dir='ltr'><strong>sit,</strong></span> <span class='ocrx_word' id='word_1_58' title='bbox 1063 411 1138 439; x_wconf 74' lang='lat' dir='ltr'><strong>quae</strong></span> <span class='ocrx_word' id='word_1_59' title='bbox 1154 400 1381 430; x_wconf 70' lang='lat' dir='ltr'><em>incolumitatem</em></span> <span class='ocrx_word' id='word_1_60' title='bbox 1395 407 1543 438; x_wconf 80' lang='lat' dir='ltr'><strong>praestet,</strong></span> <span class='ocrx_word' id='word_1_61' title='bbox 1565 403 1612 431; x_wconf 77' lang='lat' dir='ltr'><strong>ita</strong></span> 
     </span>
    </p>
   </div>
   <div class='ocr_carea' id='block_1_3' title="bbox 83 463 1614 825">
    <p class='ocr_par' dir='ltr' id='par_1_3' title="bbox 88 463 1613 610">
     <span class='ocr_line' id='line_1_6' title="bbox 90 463 1613 506; baseline -0.001 -11"><span class='ocrx_word' id='word_1_62' title='bbox 90 469 177 505; x_wconf 74' lang='lat' dir='ltr'><strong>quasi</strong></span> <span class='ocrx_word' id='word_1_63' title='bbox 192 475 280 506; x_wconf 72' lang='lat' dir='ltr'><strong>caput</strong></span> <span class='ocrx_word' id='word_1_64' title='bbox 298 470 429 503; x_wconf 79' lang='lat' dir='ltr'><strong>muniat,</strong></span> <span class='ocrx_word' id='word_1_65' title='bbox 453 473 485 496; x_wconf 82' lang='lat' dir='ltr'><strong>ut</strong></span> <span class='ocrx_word' id='word_1_66' title='bbox 504 465 657 494; x_wconf 67' lang='lat' dir='ltr'><strong>tle-ictibus</strong></span> <span class='ocrx_word' id='word_1_67' title='bbox 677 466 798 493; x_wconf 71' lang='lat' dir='ltr'><strong>hostiam</strong></span> <span class='ocrx_word' id='word_1_68' title='bbox 823 465 902 493; x_wconf 77' lang='lat' dir='ltr'><strong>m&#39;hil</strong></span> <span class='ocrx_word' id='word_1_69' title='bbox 924 466 962 493; x_wconf 75' lang='lat' dir='ltr'><strong>sit</strong></span> <span class='ocrx_word' id='word_1_70' title='bbox 993 463 1184 492; x_wconf 64' lang='lat' dir='ltr'><strong>metuendam.</strong></span> <span class='ocrx_word' id='word_1_71' title='bbox 1231 464 1320 501; x_wconf 89' lang='lat' dir='ltr'><strong>Quod</strong></span> <span class='ocrx_word' id='word_1_72' title='bbox 1341 471 1460 499; x_wconf 87' lang='lat' dir='ltr'><strong>quoque</strong></span> <span class='ocrx_word' id='word_1_73' title='bbox 1481 464 1511 492; x_wconf 93' lang='lat' dir='ltr'><strong>in</strong></span> <span class='ocrx_word' id='word_1_74' title='bbox 1535 471 1613 493; x_wconf 87' lang='lat' dir='ltr'><strong>men-</strong></span> 
     </span>
     <span class='ocr_line' id='line_1_7' title="bbox 88 513 1612 556; baseline -0.003 -9"><span class='ocrx_word' id='word_1_75' title='bbox 88 525 146 547; x_wconf 83' lang='lat' dir='ltr'><strong>tem</strong></span> <span class='ocrx_word' id='word_1_76' title='bbox 169 520 248 548; x_wconf 83' lang='lat' dir='ltr'><strong>venit</strong></span> <span class='ocrx_word' id='word_1_77' title='bbox 279 520 442 556; x_wconf 67' lang='lat' dir='ltr'><strong>Christiano</strong></span> <span class='ocrx_word' id='word_1_78' title='bbox 467 518 663 555; x_wconf 68' lang='lat' dir='ltr'><strong>Brmn‘ngsz‘o,</strong></span> <span class='ocrx_word' id='word_1_79' title='bbox 693 516 828 554; x_wconf 79' lang='lat' dir='ltr'><strong>Theologo</strong></span> <span class='ocrx_word' id='word_1_80' title='bbox 844 515 1103 553; x_wconf 60' lang='lat' dir='ltr'><strong>chldelbmgensi,</strong></span> <span class='ocrx_word' id='word_1_81' title='bbox 1128 516 1160 543; x_wconf 82' lang='lat' dir='ltr'><strong>in</strong></span> <span class='ocrx_word' id='word_1_82' title='bbox 1181 515 1309 544; x_wconf 77' lang='lat' dir='ltr'><strong>Dissert.</strong></span> <span class='ocrx_word' id='word_1_83' title='bbox 1340 513 1374 543; x_wconf 79' lang='lat' dir='ltr'><strong>de</strong></span> <span class='ocrx_word' id='word_1_84' title='bbox 1392 523 1484 543; x_wconf 76' lang='lat' dir='ltr'><strong>cornu</strong></span> <span class='ocrx_word' id='word_1_85' title='bbox 1507 515 1612 545; x_wconf 69' lang='lat' dir='ltr'><strong>salutis</strong></span> 
     </span>
     <span class='ocr_line' id='line_1_8' title="bbox 89 568 1365 610; baseline -0.002 -11"><span class='ocrx_word' id='word_1_86' title='bbox 89 578 174 606; x_wconf 83' lang='lat'><strong>1743.</strong></span> <span class='ocrx_word' id='word_1_87' title='bbox 197 577 225 598; x_wconf 77' lang='lat' dir='ltr'><strong>et</strong></span> <span class='ocrx_word' id='word_1_88' title='bbox 241 573 272 599; x_wconf 78' lang='lat' dir='ltr'><strong>in</strong></span> <span class='ocrx_word' id='word_1_89' title='bbox 290 570 456 610; x_wconf 78' lang='lat' dir='ltr'><strong>Compendio</strong></span> <span class='ocrx_word' id='word_1_90' title='bbox 471 570 594 608; x_wconf 75' lang='lat' dir='ltr'><strong>Antiqq.</strong></span> <span class='ocrx_word' id='word_1_91' title='bbox 613 569 721 598; x_wconf 74' lang='lat' dir='ltr'><strong>Graec.</strong></span> <span class='ocrx_word' id='word_1_92' title='bbox 744 569 819 605; x_wconf 87' lang='lat' dir='ltr'>Cap.</span> <span class='ocrx_word' id='word_1_93' title='bbox 837 568 917 597; x_wconf 88' lang='lat' dir='ltr'><strong>VIII.</strong></span> <span class='ocrx_word' id='word_1_94' title='bbox 940 577 1006 605; x_wconf 83' lang='lat' dir='ltr'><strong>pag.</strong></span> <span class='ocrx_word' id='word_1_95' title='bbox 1026 575 1054 603; x_wconf 81' lang='grc'><strong>5.</strong></span> <span class='ocrx_word' id='word_1_96' title='bbox 1076 573 1140 596; x_wconf 89' lang='lat' dir='ltr'><strong>not.</strong></span> <span class='ocrx_word' id='word_1_97' title='bbox 1161 575 1188 596; x_wconf 92' lang='lat'><strong>1.</strong></span> <span class='ocrx_word' id='word_1_98' title='bbox 1209 576 1276 604; x_wconf 83' lang='lat' dir='ltr'><strong>pag.</strong></span> <span class='ocrx_word' id='word_1_99' title='bbox 1299 575 1365 596; x_wconf 87' lang='lat'>110.</span> 
     </span>
    </p>

    <p class='ocr_par' dir='ltr' id='par_1_4' title="bbox 83 619 1614 825">
     <span class='ocr_line' id='line_1_9' title="bbox 127 619 1611 660; baseline -0.001 -11"><span class='ocrx_word' id='word_1_100' title='bbox 127 622 277 651; x_wconf 74' lang='lat' dir='ltr'><strong>Nocsselto</strong></span> <span class='ocrx_word' id='word_1_101' title='bbox 306 623 419 660; x_wconf 86' lang='lat' dir='ltr'><strong>quidem</strong></span> <span class='ocrx_word' id='word_1_102' title='bbox 446 621 558 650; x_wconf 89' lang='lat' dir='ltr'><strong>videtur</strong></span> <span class='ocrx_word' id='word_1_103' title='bbox 585 630 676 649; x_wconf 75' lang='lat' dir='ltr'><strong>cornu</strong></span> <span class='ocrx_word' id='word_1_104' title='bbox 697 620 848 649; x_wconf 89' lang='lat' dir='ltr'><strong>commode</strong></span> <span class='ocrx_word' id='word_1_105' title='bbox 871 619 943 656; x_wconf 88' lang='lat' dir='ltr'><strong>poni</strong></span> <span class='ocrx_word' id='word_1_106' title='bbox 965 619 1099 656; x_wconf 87' lang='lat' dir='ltr'><strong>potuisse</strong></span> <span class='ocrx_word' id='word_1_107' title='bbox 1128 628 1181 656; x_wconf 87' lang='lat' dir='ltr'><strong>pro</strong></span> <span class='ocrx_word' id='word_1_108' title='bbox 1204 620 1300 656; x_wconf 83' lang='lat' dir='ltr'>galea,</span> <span class='ocrx_word' id='word_1_109' title='bbox 1330 624 1363 647; x_wconf 88' lang='lat' dir='ltr'><strong>ut</strong></span> <span class='ocrx_word' id='word_1_110' title='bbox 1387 626 1471 655; x_wconf 82' lang='lat' dir='ltr'>saepe</span> <span class='ocrx_word' id='word_1_111' title='bbox 1498 619 1537 647; x_wconf 91' lang='lat' dir='ltr'><strong>rei</strong></span> <span class='ocrx_word' id='word_1_112' title='bbox 1563 619 1611 648; x_wconf 87' lang='lat' dir='ltr'><strong>ad·</strong></span> 
     </span>
     <span class='ocr_line' id='line_1_10' title="bbox 85 671 1612 712; baseline -0.002 -10"><span class='ocrx_word' id='word_1_113' title='bbox 85 674 219 711; x_wconf 74' lang='lat' dir='ltr'><strong>iunctum</strong></span> <span class='ocrx_word' id='word_1_114' title='bbox 241 684 296 711; x_wconf 88' lang='lat' dir='ltr'><strong>pro</strong></span> <span class='ocrx_word' id='word_1_115' title='bbox 319 675 382 712; x_wconf 83' lang='lat' dir='ltr'><strong>ipsa</strong></span> <span class='ocrx_word' id='word_1_116' title='bbox 405 683 434 703; x_wconf 89' lang='lat' dir='ltr'><strong>re</strong></span> <span class='ocrx_word' id='word_1_117' title='bbox 458 673 518 702; x_wconf 89' lang='lat' dir='ltr'><strong>sive</strong></span> <span class='ocrx_word' id='word_1_118' title='bbox 541 673 673 709; x_wconf 78' lang='lat' dir='ltr'><strong>subJ‘ecto</strong></span> <span class='ocrx_word' id='word_1_119' title='bbox 694 671 894 702; x_wconf 85' lang='lat' dir='ltr'><strong>substituitur.</strong></span> <span class='ocrx_word' id='word_1_120' title='bbox 935 672 996 700; x_wconf 89' lang='lat' dir='ltr'><strong>Nec</strong></span> <span class='ocrx_word' id='word_1_121' title='bbox 1015 671 1212 700; x_wconf 84' lang='lat' dir='ltr'><strong>desiderantur</strong></span> <span class='ocrx_word' id='word_1_122' title='bbox 1232 671 1262 700; x_wconf 89' lang='lat' dir='ltr'><strong>in</strong></span> <span class='ocrx_word' id='word_1_123' title='bbox 1284 671 1372 700; x_wconf 85' lang='lat' dir='ltr'><strong>Sacro</strong></span> <span class='ocrx_word' id='word_1_124' title='bbox 1394 671 1504 700; x_wconf 87' lang='lat' dir='ltr'><strong>Codice</strong></span> <span class='ocrx_word' id='word_1_125' title='bbox 1519 679 1612 699; x_wconf 85' lang='lat' dir='ltr'><strong>exem·</strong></span> 
     </span>
     <span class='ocr_line' id='line_1_11' title="bbox 84 716 1611 762; baseline -0.001 -10"><span class='ocrx_word' id='word_1_126' title='bbox 84 726 154 760; x_wconf 88' lang='lat' dir='ltr'><strong>pla,</strong></span> <span class='ocrx_word' id='word_1_127' title='bbox 180 726 209 755; x_wconf 85' lang='lat' dir='ltr'><strong>in</strong></span> <span class='ocrx_word' id='word_1_128' title='bbox 232 716 342 762; x_wconf 78' lang='lat' dir='ltr'><strong>quibus</strong></span> <span class='ocrx_word' id='word_1_129' title='bbox 369 725 514 753; x_wconf 80' lang='lat' dir='ltr'><strong>similibus</strong></span> <span class='ocrx_word' id='word_1_130' title='bbox 542 723 696 760; x_wconf 81' lang='lat' dir='ltr'><strong>phrasibus</strong></span> <span class='ocrx_word' id='word_1_131' title='bbox 725 724 760 753; x_wconf 89' lang='lat' dir='ltr'><strong>de</strong></span> <span class='ocrx_word' id='word_1_132' title='bbox 784 723 887 759; x_wconf 86' lang='lat' dir='ltr'><strong>capitis</strong></span> <span class='ocrx_word' id='word_1_133' title='bbox 914 719 1088 760; x_wconf 62' lang='lat' dir='ltr'><strong>tegumentis</strong></span> <span class='ocrx_word' id='word_1_134' title='bbox 1120 732 1212 752; x_wconf 88' lang='lat' dir='ltr'><strong>sermo</strong></span> <span class='ocrx_word' id='word_1_135' title='bbox 1241 729 1294 751; x_wconf 89' lang='lat' dir='ltr'><strong>est.</strong></span> <span class='ocrx_word' id='word_1_136' title='bbox 1342 722 1457 752; x_wconf 82' lang='lat' dir='ltr'><strong>Etenim</strong></span> <span class='ocrx_word' id='word_1_137' title='bbox 1484 721 1611 750; x_wconf 86' lang='lat' dir='ltr'><strong>Davides</strong></span> 
     </span>
     <span class='ocr_line' id='line_1_12' title="bbox 83 771 1614 825; baseline -0.001 -21"><span class='ocrx_word' id='word_1_138' title='bbox 83 776 133 804; x_wconf 85' lang='lat' dir='ltr'><strong>Ps.</strong></span> <span class='ocrx_word' id='word_1_139' title='bbox 155 777 226 804; x_wconf 86' lang='lat' dir='ltr'><strong>LX:</strong></span> <span class='ocrx_word' id='word_1_140' title='bbox 248 785 278 813; x_wconf 89' lang='lat'><strong>9.</strong></span> <span class='ocrx_word' id='word_1_141' title='bbox 300 783 327 805; x_wconf 90' lang='lat' dir='ltr'><strong>et</strong></span> <span class='ocrx_word' id='word_1_142' title='bbox 345 776 463 805; x_wconf 81' lang='lat' dir='ltr'><strong>CVIII:</strong></span> <span class='ocrx_word' id='word_1_143' title='bbox 481 785 510 812; x_wconf 91' lang='lat'><strong>9.</strong></span> <span class='ocrx_word' id='word_1_144' title='bbox 534 775 745 813; x_wconf 64' lang='lat' dir='ltr'><strong>Ephraimicas</strong></span> <span class='ocrx_word' id='word_1_145' title='bbox 759 782 844 804; x_wconf 83' lang='lat' dir='ltr'><strong>vocat</strong></span> <span class='ocrx_word' id='word_1_146' title='bbox 864 771 968 819; x_wconf 58' lang='grc' dir='ltr'><strong>71·ζρρἾ</strong></span> <span class='ocrx_word' id='word_1_147' title='bbox 990 771 1069 818; x_wconf 65' lang='lat' dir='ltr'><strong>3¹in</strong></span> <span class='ocrx_word' id='word_1_148' title='bbox 1090 775 1180 803; x_wconf 74' lang='lat' dir='ltr'><strong>robur</strong></span> <span class='ocrx_word' id='word_1_149' title='bbox 1195 776 1301 813; x_wconf 80' lang='lat' dir='ltr'><strong>capitis</strong></span> <span class='ocrx_word' id='word_1_150' title='bbox 1319 777 1389 810; x_wconf 78' lang='lat' dir='ltr'><strong>mei,</strong></span> <span class='ocrx_word' id='word_1_151' title='bbox 1412 780 1440 803; x_wconf 89' lang='lat' dir='ltr'><strong>et</strong></span> <span class='ocrx_word' id='word_1_152' title='bbox 1460 781 1526 802; x_wconf 90' lang='lat' dir='ltr'><strong>cum</strong></span> <span class='ocrx_word' id='word_1_153' title='bbox 1547 774 1614 825; x_wconf 64' lang='grc' dir='ltr'><strong>ΠΒ</strong></span> 
     </span>
    </p>
   </div>
   <div class='ocr_carea' id='block_1_4' title="bbox 76 834 1613 1352">
    <p class='ocr_par' dir='ltr' id='par_1_5' title="bbox 76 834 1612 927">
     <span class='ocr_line' id='line_1_13' title="bbox 82 834 1612 875; baseline -0.003 -9"><span class='ocrx_word' id='word_1_154' title='bbox 82 837 169 866; x_wconf 82' lang='lat' dir='ltr'><strong>etiam</strong></span> <span class='ocrx_word' id='word_1_155' title='bbox 192 839 225 867; x_wconf 89' lang='lat' dir='ltr'><strong>de</strong></span> <span class='ocrx_word' id='word_1_156' title='bbox 250 839 353 868; x_wconf 84' lang='lat' dir='ltr'>robore</span> <span class='ocrx_word' id='word_1_157' title='bbox 374 839 502 874; x_wconf 87' lang='lat' dir='ltr'><strong>dicatur,</strong></span> <span class='ocrx_word' id='word_1_158' title='bbox 531 847 604 874; x_wconf 88' lang='lat' dir='ltr'><strong>quae</strong></span> <span class='ocrx_word' id='word_1_159' title='bbox 623 844 723 875; x_wconf 82' lang='lat' dir='ltr'><strong>potest</strong></span> <span class='ocrx_word' id='word_1_160' title='bbox 745 839 836 875; x_wconf 88' lang='lat' dir='ltr'><strong>major</strong></span> <span class='ocrx_word' id='word_1_161' title='bbox 858 838 933 868; x_wconf 87' lang='lat' dir='ltr'><strong>inter</strong></span> <span class='ocrx_word' id='word_1_162' title='bbox 952 838 1024 867; x_wconf 88' lang='lat' dir='ltr'><strong>illud</strong></span> <span class='ocrx_word' id='word_1_163' title='bbox 1047 845 1075 867; x_wconf 90' lang='lat' dir='ltr'><strong>et</strong></span> <span class='ocrx_word' id='word_1_164' title='bbox 1096 839 1215 867; x_wconf 82' lang='lat' dir='ltr'><strong>alterum</strong></span> <span class='ocrx_word' id='word_1_165' title='bbox 1240 837 1414 867; x_wconf 84' lang='lat' dir='ltr'><strong>vocabulum</strong></span> <span class='ocrx_word' id='word_1_166' title='bbox 1439 834 1612 865; x_wconf 83' lang='lat' dir='ltr'><strong>intercedere</strong></span> 
     </span>
     <span class='ocr_line' id='line_1_14' title="bbox 76 888 511 927; baseline 0.002 -10"><span class='ocrx_word' id='word_1_167' title='bbox 76 888 264 919; x_wconf 73' lang='lat' dir='ltr'><strong>similitudo?</strong></span> <span class='ocrx_word' id='word_1_168' title='bbox 286 899 351 927; x_wconf 83' lang='lat' dir='ltr'><strong>pag.</strong></span> <span class='ocrx_word' id='word_1_169' title='bbox 373 900 419 927; x_wconf 80' lang='lat'><strong>39.</strong></span> <span class='ocrx_word' id='word_1_170' title='bbox 444 891 464 918; x_wconf 93' lang='lat' dir='ltr'><strong>l.</strong></span> <span class='ocrx_word' id='word_1_171' title='bbox 483 898 511 918; x_wconf 89' lang='lat' dir='ltr'><strong>c.</strong></span> 
     </span>
    </p>

    <p class='ocr_par' dir='ltr' id='par_1_6' title="bbox 78 938 1613 1352">
     <span class='ocr_line' id='line_1_15' title="bbox 81 938 1611 982; baseline -0.001 -14"><span class='ocrx_word' id='word_1_172' title='bbox 81 980 83 982; x_wconf 67' lang='lat'><em>,</em></span> <span class='ocrx_word' id='word_1_173' title='bbox 122 940 359 971; x_wconf 77' lang='lat' dir='ltr'><strong>Licetlubenter</strong></span> <span class='ocrx_word' id='word_1_174' title='bbox 385 941 556 979; x_wconf 83' lang='lat' dir='ltr'><strong>largiamur,</strong></span> <span class='ocrx_word' id='word_1_175' title='bbox 585 941 702 970; x_wconf 81' lang='lat' dir='ltr'><strong>Veteres</strong></span> <span class='ocrx_word' id='word_1_176' title='bbox 732 949 839 970; x_wconf 89' lang='lat' dir='ltr'><strong>cornua</strong></span> <span class='ocrx_word' id='word_1_177' title='bbox 863 941 950 977; x_wconf 83' lang='lat' dir='ltr'><strong>galeis</strong></span> <span class='ocrx_word' id='word_1_178' title='bbox 971 941 1165 977; x_wconf 79' lang='lat' dir='ltr'><strong>apposuisse,</strong></span> <span class='ocrx_word' id='word_1_179' title='bbox 1196 942 1271 970; x_wconf 77' lang='lat' dir='ltr'><strong>unde</strong></span> <span class='ocrx_word' id='word_1_180' title='bbox 1293 940 1413 975; x_wconf 84' lang='lat' dir='ltr'><strong>Latini,</strong></span> <span class='ocrx_word' id='word_1_181' title='bbox 1442 947 1555 967; x_wconf 74' lang='lat' dir='ltr'><strong>cornua</strong></span> <span class='ocrx_word' id='word_1_182' title='bbox 1578 938 1611 966; x_wconf 79' lang='lat' dir='ltr'><strong>in</strong></span> 
     </span>
     <span class='ocr_line' id='line_1_16' title="bbox 84 990 1611 1031; baseline -0.002 -10"><span class='ocrx_word' id='word_1_183' title='bbox 84 992 212 1031; x_wconf 68' lang='lat' dir='ltr'><strong>aliquem</strong></span> <span class='ocrx_word' id='word_1_184' title='bbox 231 993 333 1022; x_wconf 79' lang='lat' dir='ltr'><strong>tollere</strong></span> <span class='ocrx_word' id='word_1_185' title='bbox 343 1015 353 1028; x_wconf 83' lang='lat'><strong>.,</strong></span> <span class='ocrx_word' id='word_1_186' title='bbox 375 994 467 1022; x_wconf 76' lang='lat' dir='ltr'><strong>alicui</strong></span> <span class='ocrx_word' id='word_1_187' title='bbox 487 993 650 1028; x_wconf 70' lang='lat' dir='ltr'><strong>obvertere,</strong></span> <span class='ocrx_word' id='word_1_188' title='bbox 674 992 741 1020; x_wconf 90' lang='lat' dir='ltr'><strong>item</strong></span> <span class='ocrx_word' id='word_1_189' title='bbox 767 1001 878 1021; x_wconf 76' lang='lat' dir='ltr'><strong>cornua</strong></span> <span class='ocrx_word' id='word_1_190' title='bbox 900 991 1024 1028; x_wconf 76' lang='lat' dir='ltr'><strong>addere,</strong></span> <span class='ocrx_word' id='word_1_191' title='bbox 1054 999 1082 1021; x_wconf 86' lang='lat' dir='ltr'><strong>et</strong></span> <span class='ocrx_word' id='word_1_192' title='bbox 1108 1001 1181 1029; x_wconf 89' lang='lat' dir='ltr'><strong>quae</strong></span> <span class='ocrx_word' id='word_1_193' title='bbox 1205 992 1310 1021; x_wconf 86' lang='lat' dir='ltr'><strong>similia</strong></span> <span class='ocrx_word' id='word_1_194' title='bbox 1330 992 1410 1029; x_wconf 87' lang='lat' dir='ltr'><strong>apud</strong></span> <span class='ocrx_word' id='word_1_195' title='bbox 1429 990 1611 1024; x_wconf 77' lang='lat' dir='ltr'><strong>Horatium,</strong></span> 
     </span>
     <span class='ocr_line' id='line_1_17' title="bbox 83 1038 1613 1083; baseline -0.003 -11"><span class='ocrx_word' id='word_1_196' title='bbox 83 1038 246 1080; x_wconf 75' lang='lat' dir='ltr'><strong>Plautum,</strong></span> <span class='ocrx_word' id='word_1_197' title='bbox 268 1045 398 1081; x_wconf 86' lang='lat' dir='ltr'><strong>aliosque</strong></span> <span class='ocrx_word' id='word_1_198' title='bbox 422 1044 622 1081; x_wconf 76' lang='lat' dir='ltr'><strong>reperiuntur3</strong></span> <span class='ocrx_word' id='word_1_199' title='bbox 646 1043 756 1080; x_wconf 84' lang='lat' dir='ltr'><strong>(conf.</strong></span> <span class='ocrx_word' id='word_1_200' title='bbox 780 1043 953 1072; x_wconf 69' lang='lat' dir='ltr'><strong>[Vetstenius</strong></span> <span class='ocrx_word' id='word_1_201' title='bbox 972 1043 1015 1072; x_wconf 84' lang='lat' dir='ltr'><strong>ad</strong></span> <span class='ocrx_word' id='word_1_202' title='bbox 1032 1044 1061 1072; x_wconf 78' lang='lat' dir='ltr'><strong>h.</strong></span> <span class='ocrx_word' id='word_1_203' title='bbox 1080 1044 1101 1073; x_wconf 88' lang='lat' dir='ltr'><strong>l.</strong></span> <span class='ocrx_word' id='word_1_204' title='bbox 1124 1050 1151 1073; x_wconf 90' lang='lat' dir='ltr'><strong>et</strong></span> <span class='ocrx_word' id='word_1_205' title='bbox 1174 1045 1289 1083; x_wconf 82' lang='lat' dir='ltr'><strong>Segaar</strong></span> <span class='ocrx_word' id='word_1_206' title='bbox 1308 1045 1339 1072; x_wconf 84' lang='lat' dir='ltr'><strong>in</strong></span> <span class='ocrx_word' id='word_1_207' title='bbox 1361 1042 1481 1072; x_wconf 71' lang='lat' dir='ltr'><strong>Observ.</strong></span> <span class='ocrx_word' id='word_1_208' title='bbox 1503 1039 1613 1069; x_wconf 79' lang='lat' dir='ltr'><strong>Philol.</strong></span> 
     </span>
     <span class='ocr_line' id='line_1_18' title="bbox 80 1091 1609 1134; baseline -0.003 -11"><span class='ocrx_word' id='word_1_209' title='bbox 80 1101 110 1123; x_wconf 82' lang='lat' dir='ltr'><strong>ct</strong></span> <span class='ocrx_word' id='word_1_210' title='bbox 131 1095 261 1134; x_wconf 77' lang='lat' dir='ltr'><strong>Theolvg.</strong></span> <span class='ocrx_word' id='word_1_211' title='bbox 284 1098 317 1124; x_wconf 85' lang='lat' dir='ltr'><strong>in</strong></span> <span class='ocrx_word' id='word_1_212' title='bbox 336 1096 498 1133; x_wconf 71' lang='lat' dir='ltr'><strong>Euangelii</strong></span> <span class='ocrx_word' id='word_1_213' title='bbox 518 1095 618 1123; x_wconf 75' lang='lat' dir='ltr'><strong>Lucae</strong></span> <span class='ocrx_word' id='word_1_214' title='bbox 639 1095 742 1131; x_wconf 87' lang='lat' dir='ltr'><strong>Capita</strong></span> <span class='ocrx_word' id='word_1_215' title='bbox 761 1095 812 1124; x_wconf 92' lang='lat' dir='ltr'><strong>XI.</strong></span> <span class='ocrx_word' id='word_1_216' title='bbox 840 1095 936 1131; x_wconf 87' lang='lat' dir='ltr'><strong>priora</strong></span> <span class='ocrx_word' id='word_1_217' title='bbox 954 1095 989 1123; x_wconf 88' lang='lat' dir='ltr'><strong>ad</strong></span> <span class='ocrx_word' id='word_1_218' title='bbox 1002 1095 1048 1124; x_wconf 69' lang='lat' dir='ltr'><strong>·h;</strong></span> <span class='ocrx_word' id='word_1_219' title='bbox 1074 1096 1121 1132; x_wconf 85' lang='lat' dir='ltr'><strong>l.)</strong></span> <span class='ocrx_word' id='word_1_220' title='bbox 1146 1095 1176 1125; x_wconf 85' lang='lat' dir='ltr'><strong>id</strong></span> <span class='ocrx_word' id='word_1_221' title='bbox 1202 1091 1291 1132; x_wconf 70' lang='lat' dir='ltr'><strong>igitur</strong></span> <span class='ocrx_word' id='word_1_222' title='bbox 1312 1095 1381 1124; x_wconf 89' lang='lat' dir='ltr'><strong>licet</strong></span> <span class='ocrx_word' id='word_1_223' title='bbox 1402 1093 1533 1122; x_wconf 88' lang='lat' dir='ltr'><strong>lubenter</strong></span> <span class='ocrx_word' id='word_1_224' title='bbox 1555 1091 1609 1119; x_wconf 82' lang='lat' dir='ltr'><strong>lar-</strong></span> 
     </span>
     <span class='ocr_line' id='line_1_19' title="bbox 81 1142 1612 1184; baseline -0.002 -9"><span class='ocrx_word' id='word_1_225' title='bbox 81 1145 208 1183; x_wconf 84' lang='lat' dir='ltr'><strong>giamur,</strong></span> <span class='ocrx_word' id='word_1_226' title='bbox 238 1147 376 1176; x_wconf 87' lang='lat' dir='ltr'><strong>miramur</strong></span> <span class='ocrx_word' id='word_1_227' title='bbox 397 1154 510 1182; x_wconf 86' lang='lat' dir='ltr'><strong>tamen,</strong></span> <span class='ocrx_word' id='word_1_228' title='bbox 532 1146 714 1175; x_wconf 74' lang='lat' dir='ltr'><strong>Noesseltum</strong></span> <span class='ocrx_word' id='word_1_229' title='bbox 735 1155 803 1184; x_wconf 81' lang='lat' dir='ltr'><strong>pag.</strong></span> <span class='ocrx_word' id='word_1_230' title='bbox 825 1148 872 1183; x_wconf 82' lang='lat'><strong>38.</strong></span> <span class='ocrx_word' id='word_1_231' title='bbox 894 1152 1023 1176; x_wconf 75' lang='lat' dir='ltr'><strong>veterum</strong></span> <span class='ocrx_word' id='word_1_232' title='bbox 1048 1146 1211 1183; x_wconf 87' lang='lat' dir='ltr'><strong>exemplum</strong></span> <span class='ocrx_word' id='word_1_233' title='bbox 1229 1147 1408 1183; x_wconf 89' lang='lat' dir='ltr'><strong>populorum</strong></span> <span class='ocrx_word' id='word_1_234' title='bbox 1432 1145 1462 1174; x_wconf 91' lang='lat' dir='ltr'><strong>in</strong></span> <span class='ocrx_word' id='word_1_235' title='bbox 1486 1142 1612 1173; x_wconf 81' lang='lat' dir='ltr'><strong>medium</strong></span> 
     </span>
     <span class='ocr_line' id='line_1_20' title="bbox 78 1193 1610 1240; baseline -0.003 -15"><span class='ocrx_word' id='word_1_236' title='bbox 78 1198 260 1240; x_wconf 72' lang='lat' dir='ltr'><strong>protulisse,</strong></span> <span class='ocrx_word' id='word_1_237' title='bbox 282 1199 334 1236; x_wconf 90' lang='lat' dir='ltr'><strong>qui</strong></span> <span class='ocrx_word' id='word_1_238' title='bbox 355 1208 422 1237; x_wconf 88' lang='lat' dir='ltr'>pag.</span> <span class='ocrx_word' id='word_1_239' title='bbox 443 1208 490 1237; x_wconf 80' lang='lat'><strong>32.</strong></span> <span class='ocrx_word' id='word_1_240' title='bbox 513 1197 572 1228; x_wconf 90' lang='lat' dir='ltr'><strong>vim</strong></span> <span class='ocrx_word' id='word_1_241' title='bbox 594 1197 751 1227; x_wconf 88' lang='lat' dir='ltr'><strong>verborum</strong></span> <span class='ocrx_word' id='word_1_242' title='bbox 767 1203 917 1234; x_wconf 87' lang='lat' dir='ltr'><strong>totamque</strong></span> <span class='ocrx_word' id='word_1_243' title='bbox 936 1196 1094 1227; x_wconf 86' lang='lat' dir='ltr'><strong>formulam</strong></span> <span class='ocrx_word' id='word_1_244' title='bbox 1114 1206 1149 1226; x_wconf 85' lang='lat' dir='ltr'><strong>ex</strong></span> <span class='ocrx_word' id='word_1_245' title='bbox 1169 1198 1207 1226; x_wconf 92' lang='lat' dir='ltr'><strong>V.</strong></span> <span class='ocrx_word' id='word_1_246' title='bbox 1227 1197 1265 1226; x_wconf 94' lang='lat' dir='ltr'><strong>T.</strong></span> <span class='ocrx_word' id='word_1_247' title='bbox 1288 1197 1389 1233; x_wconf 80' lang='lat' dir='ltr'><strong>libris,</strong></span> <span class='ocrx_word' id='word_1_248' title='bbox 1412 1205 1472 1226; x_wconf 89' lang='lat' dir='ltr'><strong>non</strong></span> <span class='ocrx_word' id='word_1_249' title='bbox 1493 1193 1610 1223; x_wconf 86' lang='lat' dir='ltr'><strong>aliunde</strong></span> 
     </span>
     <span class='ocr_line' id='line_1_21' title="bbox 81 1245 1613 1286; baseline -0.003 -9"><span class='ocrx_word' id='word_1_250' title='bbox 81 1251 298 1286; x_wconf 86' lang='lat' dir='ltr'><strong>cognoscendas</strong></span> <span class='ocrx_word' id='word_1_251' title='bbox 320 1251 488 1281; x_wconf 85' lang='lat' dir='ltr'><strong>statuisset:</strong></span> <span class='ocrx_word' id='word_1_252' title='bbox 522 1259 557 1280; x_wconf 89' lang='lat' dir='ltr'><strong>ex</strong></span> <span class='ocrx_word' id='word_1_253' title='bbox 584 1250 665 1280; x_wconf 89' lang='lat' dir='ltr'><strong>hisce</strong></span> <span class='ocrx_word' id='word_1_254' title='bbox 686 1256 780 1280; x_wconf 92' lang='lat' dir='ltr'><strong>autem</strong></span> <span class='ocrx_word' id='word_1_255' title='bbox 802 1249 885 1278; x_wconf 87' lang='lat' dir='ltr'><strong>libris</strong></span> <span class='ocrx_word' id='word_1_256' title='bbox 909 1257 969 1278; x_wconf 85' lang='lat' dir='ltr'><strong>non</strong></span> <span class='ocrx_word' id='word_1_257' title='bbox 995 1249 1105 1285; x_wconf 79' lang='lat' dir='ltr'><strong>liquet,</strong></span> <span class='ocrx_word' id='word_1_258' title='bbox 1128 1248 1270 1286; x_wconf 88' lang='lat' dir='ltr'><strong>ejusmodi</strong></span> <span class='ocrx_word' id='word_1_259' title='bbox 1291 1249 1383 1284; x_wconf 86' lang='lat' dir='ltr'><strong>galeas</strong></span> <span class='ocrx_word' id='word_1_260' title='bbox 1411 1245 1544 1275; x_wconf 62' lang='lat' dir='ltr'><strong>cornibus</strong></span> <span class='ocrx_word' id='word_1_261' title='bbox 1566 1253 1613 1273; x_wconf 84' lang='lat' dir='ltr'><strong>or-</strong></span> 
     </span>
     <span class='ocr_line' id='line_1_22' title="bbox 80 1292 1611 1352; baseline -0.005 -16"><span class='ocrx_word' id='word_1_262' title='bbox 80 1304 166 1328; x_wconf 53' lang='lat' dir='ltr'><strong>nat&amp;</strong></span> <span class='ocrx_word' id='word_1_263' title='bbox 196 1303 273 1335; x_wconf 59' lang='lat' dir='ltr'><strong>“pud</strong></span> <span class='ocrx_word' id='word_1_264' title='bbox 300 1302 449 1333; x_wconf 88' lang='lat' dir='ltr'><strong>Hebraeos</strong></span> <span class='ocrx_word' id='word_1_265' title='bbox 477 1302 510 1332; x_wconf 88' lang='lat' dir='ltr'><strong>in</strong></span> <span class='ocrx_word' id='word_1_266' title='bbox 539 1311 596 1332; x_wconf 89' lang='lat' dir='ltr'><strong>usu</strong></span> <span class='ocrx_word' id='word_1_267' title='bbox 624 1302 728 1332; x_wconf 87' lang='lat' dir='ltr'><strong>fuisse.</strong></span> <span class='ocrx_word' id='word_1_268' title='bbox 783 1302 890 1337; x_wconf 81' lang='lat' dir='ltr'><strong>Porro,</strong></span> <span class='ocrx_word' id='word_1_269' title='bbox 919 1300 986 1330; x_wconf 92' lang='lat' dir='ltr'><strong>licet</strong></span> <span class='ocrx_word' id='word_1_270' title='bbox 1010 1309 1111 1337; x_wconf 84' lang='lat' dir='ltr'><strong>magna</strong></span> <span class='ocrx_word' id='word_1_271' title='bbox 1131 1301 1206 1328; x_wconf 85' lang='lat' dir='ltr'><strong>inter</strong></span> <span class='ocrx_word' id='word_1_272' title='bbox 1232 1298 1376 1328; x_wconf 86' lang='lat' dir='ltr'><strong>vocabula</strong></span> <span class='ocrx_word' id='word_1_273' title='bbox 1397 1299 1463 1352; x_wconf 58' lang='grc' dir='ltr'><strong>ΠΕ</strong></span> <span class='ocrx_word' id='word_1_274' title='bbox 1483 1304 1510 1325; x_wconf 82' lang='lat' dir='ltr'><strong>et</strong></span> <span class='ocrx_word' id='word_1_275' title='bbox 1532 1292 1611 1345; x_wconf 60' lang='lat' dir='ltr'><strong>rim</strong></span> 
     </span>
    </p>
   </div>
   <div class='ocr_carea' id='block_1_5' title="bbox 80 1360 1611 1467">
    <p class='ocr_par' dir='ltr' id='par_1_7' title="bbox 80 1360 1611 1467">
     <span class='ocr_line' id='line_1_23' title="bbox 80 1360 1611 1403; baseline -0.004 -11"><span class='ocrx_word' id='word_1_276' title='bbox 80 1360 245 1392; x_wconf 83' lang='lat' dir='ltr'><strong>similitudo</strong></span> <span class='ocrx_word' id='word_1_277' title='bbox 267 1361 443 1400; x_wconf 81' lang='lat' dir='ltr'><strong>intercedat,</strong></span> <span class='ocrx_word' id='word_1_278' title='bbox 465 1369 608 1399; x_wconf 88' lang='lat' dir='ltr'><strong>quatenus</strong></span> <span class='ocrx_word' id='word_1_279' title='bbox 630 1373 733 1403; x_wconf 85' lang='lat' dir='ltr'><strong>nempe</strong></span> <span class='ocrx_word' id='word_1_280' title='bbox 752 1372 874 1401; x_wconf 81' lang='lat' dir='ltr'><strong>utraque</strong></span> <span class='ocrx_word' id='word_1_281' title='bbox 892 1371 951 1392; x_wconf 84' lang='lat' dir='ltr'><strong>vox</strong></span> <span class='ocrx_word' id='word_1_282' title='bbox 973 1362 1063 1391; x_wconf 82' lang='lat' dir='ltr'><strong>robur</strong></span> <span class='ocrx_word' id='word_1_283' title='bbox 1083 1361 1249 1399; x_wconf 85' lang='lat' dir='ltr'><strong>significat,</strong></span> <span class='ocrx_word' id='word_1_284' title='bbox 1277 1360 1344 1398; x_wconf 84' lang='lat' dir='ltr'><strong>inde</strong></span> <span class='ocrx_word' id='word_1_285' title='bbox 1364 1367 1459 1390; x_wconf 84' lang='lat' dir='ltr'><strong>tamen</strong></span> <span class='ocrx_word' id='word_1_286' title='bbox 1485 1368 1545 1389; x_wconf 88' lang='lat' dir='ltr'><strong>non</strong></span> <span class='ocrx_word' id='word_1_287' title='bbox 1568 1366 1611 1387; x_wconf 84' lang='lat' dir='ltr'><strong>se-</strong></span> 
     </span>
     <span class='ocr_line' id='line_1_24' title="bbox 83 1409 1608 1467; baseline -0.002 -25"><span class='ocrx_word' id='word_1_288' title='bbox 83 1412 203 1450; x_wconf 84' lang='lat' dir='ltr'><strong>quitur,</strong></span> <span class='ocrx_word' id='word_1_289' title='bbox 229 1414 425 1450; x_wconf 86' lang='lat' dir='ltr'><strong>metaphoram</strong></span> <span class='ocrx_word' id='word_1_290' title='bbox 450 1415 587 1442; x_wconf 83' lang='lat' dir='ltr'><strong>vocabuli</strong></span> <span class='ocrx_word' id='word_1_291' title='bbox 607 1416 673 1467; x_wconf 57' lang='lat'><strong>12¹2</strong></span> <span class='ocrx_word' id='word_1_292' title='bbox 697 1422 713 1443; x_wconf 86' lang='lat' dir='ltr'><strong>a</strong></span> <span class='ocrx_word' id='word_1_293' title='bbox 734 1414 812 1450; x_wconf 83' lang='lat' dir='ltr'><strong>galea</strong></span> <span class='ocrx_word' id='word_1_294' title='bbox 845 1421 909 1442; x_wconf 86' lang='lat' dir='ltr'><strong>esse</strong></span> <span class='ocrx_word' id='word_1_295' title='bbox 934 1413 1080 1448; x_wconf 79' lang='lat' dir='ltr'><strong>ductam3</strong></span> <span class='ocrx_word' id='word_1_296' title='bbox 1111 1413 1235 1448; x_wconf 85' lang='lat' dir='ltr'><strong>denique</strong></span> <span class='ocrx_word' id='word_1_297' title='bbox 1259 1419 1334 1440; x_wconf 82' lang='lat' dir='ltr'><strong>recte</strong></span> <span class='ocrx_word' id='word_1_298' title='bbox 1358 1410 1528 1440; x_wconf 73' lang='lat' dir='ltr'><strong>Kuinoelius</strong></span> <span class='ocrx_word' id='word_1_299' title='bbox 1556 1409 1608 1439; x_wconf 89' lang='lat' dir='ltr'><strong>ob-</strong></span> 
     </span>
    </p>
   </div>
   <div class='ocr_carea' id='block_1_6' title="bbox 81 1474 1609 1980">
    <p class='ocr_par' dir='ltr' id='par_1_8' title="bbox 81 1474 1607 1617">
     <span class='ocr_line' id='line_1_25' title="bbox 81 1474 1607 1514; baseline -0.002 -10"><span class='ocrx_word' id='word_1_300' title='bbox 81 1482 196 1511; x_wconf 86' lang='lat' dir='ltr'><strong>servat,</strong></span> <span class='ocrx_word' id='word_1_301' title='bbox 216 1484 279 1504; x_wconf 89' lang='lat' dir='ltr'><strong>esse</strong></span> <span class='ocrx_word' id='word_1_302' title='bbox 296 1477 429 1506; x_wconf 87' lang='lat' dir='ltr'><strong>duritiem</strong></span> <span class='ocrx_word' id='word_1_303' title='bbox 452 1477 592 1513; x_wconf 86' lang='lat' dir='ltr'><strong>quandam</strong></span> <span class='ocrx_word' id='word_1_304' title='bbox 617 1478 647 1505; x_wconf 88' lang='lat' dir='ltr'><strong>in</strong></span> <span class='ocrx_word' id='word_1_305' title='bbox 668 1477 876 1514; x_wconf 83' lang='lat' dir='ltr'><strong>conjunctione</strong></span> <span class='ocrx_word' id='word_1_306' title='bbox 898 1476 1053 1505; x_wconf 88' lang='lat' dir='ltr'><strong>verborum</strong></span> <span class='ocrx_word' id='word_1_307' title='bbox 1076 1476 1184 1511; x_wconf 80' lang='grc' dir='ltr'><strong>ἐγείρειν</strong></span> <span class='ocrx_word' id='word_1_308' title='bbox 1205 1480 1232 1502; x_wconf 90' lang='lat' dir='ltr'><strong>et</strong></span> <span class='ocrx_word' id='word_1_309' title='bbox 1252 1475 1342 1511; x_wconf 70' lang='grc' dir='ltr'>κέρας.</span> <span class='ocrx_word' id='word_1_310' title='bbox 1385 1474 1431 1502; x_wconf 81' lang='lat' dir='ltr'><strong>Ex</strong></span> <span class='ocrx_word' id='word_1_311' title='bbox 1451 1474 1509 1503; x_wconf 76' lang='lat' dir='ltr'><strong>arte</strong></span> <span class='ocrx_word' id='word_1_312' title='bbox 1529 1479 1607 1502; x_wconf 84' lang='lat' dir='ltr'><strong>vete·</strong></span> 
     </span>
     <span class='ocr_line' id='line_1_26' title="bbox 82 1524 1606 1566; baseline -0.001 -11"><span class='ocrx_word' id='word_1_313' title='bbox 82 1535 146 1556; x_wconf 84' lang='lat' dir='ltr'><strong>rum</strong></span> <span class='ocrx_word' id='word_1_314' title='bbox 162 1528 338 1563; x_wconf 87' lang='lat' dir='ltr'><strong>populorum</strong></span> <span class='ocrx_word' id='word_1_315' title='bbox 359 1528 465 1557; x_wconf 75' lang='lat' dir='ltr'><strong>bellum</strong></span> <span class='ocrx_word' id='word_1_316' title='bbox 483 1524 606 1566; x_wconf 55' lang='lat' dir='ltr'><strong>gerehdi</strong></span> <span class='ocrx_word' id='word_1_317' title='bbox 627 1529 783 1557; x_wconf 88' lang='lat' dir='ltr'><strong>formulam</strong></span> <span class='ocrx_word' id='word_1_318' title='bbox 806 1528 1003 1564; x_wconf 85' lang='lat' dir='ltr'><strong>explicandam</strong></span> <span class='ocrx_word' id='word_1_319' title='bbox 1021 1535 1084 1556; x_wconf 88' lang='lat' dir='ltr'><strong>esse</strong></span> <span class='ocrx_word' id='word_1_320' title='bbox 1102 1532 1200 1555; x_wconf 89' lang='lat' dir='ltr'><strong>censet</strong></span> <span class='ocrx_word' id='word_1_321' title='bbox 1220 1525 1245 1553; x_wconf 88' lang='grc' dir='ltr'><em>Τ</em></span> <span class='ocrx_word' id='word_1_322' title='bbox 1244 1525 1368 1560; x_wconf 64' lang='lat' dir='ltr'><strong>elle-rus,</strong></span> <span class='ocrx_word' id='word_1_323' title='bbox 1391 1525 1583 1554; x_wconf 69' lang='lat' dir='ltr'><strong>Wbrterbuch</strong></span> <span class='ocrx_word' id='word_1_324' title='bbox 1595 1544 1606 1560; x_wconf 91' lang='lat'><strong>,</strong></span> 
     </span>
     <span class='ocr_line' id='line_1_27' title="bbox 81 1578 1283 1617; baseline 0 -12"><span class='ocrx_word' id='word_1_325' title='bbox 81 1586 150 1615; x_wconf 82' lang='lat' dir='ltr'><strong>pag.</strong></span> <span class='ocrx_word' id='word_1_326' title='bbox 168 1587 233 1614; x_wconf 80' lang='lat'><strong>317.</strong></span> <span class='ocrx_word' id='word_1_327' title='bbox 274 1578 365 1607; x_wconf 82' lang='lat' dir='ltr'><strong>Recte</strong></span> <span class='ocrx_word' id='word_1_328' title='bbox 381 1586 475 1611; x_wconf 84' lang='lat' dir='ltr'><strong>autem</strong></span> <span class='ocrx_word' id='word_1_329' title='bbox 495 1589 559 1608; x_wconf 87' lang='lat' dir='ltr'><strong>eum</strong></span> <span class='ocrx_word' id='word_1_330' title='bbox 583 1580 736 1617; x_wconf 83' lang='lat' dir='ltr'><strong>castigavit</strong></span> <span class='ocrx_word' id='word_1_331' title='bbox 755 1580 888 1617; x_wconf 73' lang='lat' dir='ltr'><strong>Langius</strong></span> <span class='ocrx_word' id='word_1_332' title='bbox 910 1580 931 1608; x_wconf 84' lang='lat' dir='ltr'><strong>l.</strong></span> <span class='ocrx_word' id='word_1_333' title='bbox 949 1590 975 1608; x_wconf 86' lang='lat' dir='ltr'><strong>c.</strong></span> <span class='ocrx_word' id='word_1_334' title='bbox 998 1580 1087 1608; x_wconf 90' lang='lat' dir='ltr'><strong>Tom.</strong></span> <span class='ocrx_word' id='word_1_335' title='bbox 1107 1587 1133 1614; x_wconf 78' lang='lat'><strong>3.</strong></span> <span class='ocrx_word' id='word_1_336' title='bbox 1156 1586 1223 1614; x_wconf 85' lang='lat' dir='ltr'><strong>pag.</strong></span> <span class='ocrx_word' id='word_1_337' title='bbox 1236 1579 1283 1606; x_wconf 86' lang='lat'><strong>82.</strong></span> 
     </span>
    </p>

    <p class='ocr_par' dir='ltr' id='par_1_9' title="bbox 81 1626 1609 1980">
     <span class='ocr_line' id='line_1_28' title="bbox 81 1626 1609 1667; baseline -0.003 -8"><span class='ocrx_word' id='word_1_338' title='bbox 81 1656 85 1659; x_wconf 94' lang='lat'>.</span> <span class='ocrx_word' id='word_1_339' title='bbox 121 1629 223 1665; x_wconf 78' lang='lat' dir='ltr'><strong>Itaque</strong></span> <span class='ocrx_word' id='word_1_340' title='bbox 247 1629 424 1666; x_wconf 86' lang='lat' dir='ltr'><strong>probabilior</strong></span> <span class='ocrx_word' id='word_1_341' title='bbox 444 1630 558 1658; x_wconf 86' lang='lat' dir='ltr'><strong>videtur</strong></span> <span class='ocrx_word' id='word_1_342' title='bbox 580 1631 783 1666; x_wconf 87' lang='lat' dir='ltr'><strong>plerorumque</strong></span> <span class='ocrx_word' id='word_1_343' title='bbox 795 1631 998 1667; x_wconf 68' lang='lat' dir='ltr'><strong>interpretum,</strong></span> <span class='ocrx_word' id='word_1_344' title='bbox 1026 1636 1054 1659; x_wconf 91' lang='lat' dir='ltr'><strong>et</strong></span> <span class='ocrx_word' id='word_1_345' title='bbox 1068 1636 1217 1664; x_wconf 82' lang='lat' dir='ltr'><strong>veterum,</strong></span> <span class='ocrx_word' id='word_1_346' title='bbox 1241 1634 1273 1656; x_wconf 89' lang='lat' dir='ltr'><strong>ut</strong></span> <span class='ocrx_word' id='word_1_347' title='bbox 1291 1627 1501 1664; x_wconf 76' lang='lat' dir='ltr'><strong>Chrysostomi‚</strong></span> <span class='ocrx_word' id='word_1_348' title='bbox 1522 1626 1609 1655; x_wconf 72' lang='lat' dir='ltr'><strong>Theo-</strong></span> 
     </span>
     <span class='ocr_line' id='line_1_29' title="bbox 82 1678 1607 1718; baseline -0.003 -8"><span class='ocrx_word' id='word_1_349' title='bbox 82 1681 196 1717; x_wconf 78' lang='lat' dir='ltr'><strong>doreti‚</strong></span> <span class='ocrx_word' id='word_1_350' title='bbox 217 1686 245 1710; x_wconf 88' lang='lat' dir='ltr'><strong>et</strong></span> <span class='ocrx_word' id='word_1_351' title='bbox 263 1680 471 1716; x_wconf 67' lang='lat' dir='ltr'><strong>recentiorum„</strong></span> <span class='ocrx_word' id='word_1_352' title='bbox 501 1687 533 1709; x_wconf 86' lang='lat' dir='ltr'><strong>ut</strong></span> <span class='ocrx_word' id='word_1_353' title='bbox 559 1681 675 1717; x_wconf 62' lang='lat' dir='ltr'><strong>Groui,</strong></span> <span class='ocrx_word' id='word_1_354' title='bbox 702 1682 821 1718; x_wconf 71' lang='lat' dir='ltr'><strong>Bezac,</strong></span> <span class='ocrx_word' id='word_1_355' title='bbox 851 1683 1017 1717; x_wconf 77' lang='lat' dir='ltr'><strong>Venemae,</strong></span> <span class='ocrx_word' id='word_1_356' title='bbox 1046 1681 1252 1717; x_wconf 59' lang='grc' dir='ltr'><strong>Μιιηῑίηὲζίιὶἱ,</strong></span> <span class='ocrx_word' id='word_1_357' title='bbox 1279 1678 1405 1715; x_wconf 69' lang='grc' dir='ltr'><strong><em>Βαίὴἰί,</em></strong></span> <span class='ocrx_word' id='word_1_358' title='bbox 1431 1679 1607 1713; x_wconf 65' lang='lat' dir='ltr'><strong>Michaelis,</strong></span> 
     </span>
     <span class='ocr_line' id='line_1_30' title="bbox 84 1730 1607 1770; baseline -0.004 -8"><span class='ocrx_word' id='word_1_359' title='bbox 84 1733 232 1762; x_wconf 78' lang='lat' dir='ltr'><strong>Km’noelii</strong></span> <span class='ocrx_word' id='word_1_360' title='bbox 258 1733 438 1768; x_wconf 88' lang='lat' dir='ltr'><strong>aliorumque</strong></span> <span class='ocrx_word' id='word_1_361' title='bbox 464 1733 625 1769; x_wconf 75' lang='lat' dir='ltr'><strong>sententia,</strong></span> <span class='ocrx_word' id='word_1_362' title='bbox 657 1733 882 1763; x_wconf 84' lang='lat' dir='ltr'><strong>existimantium</strong></span> <span class='ocrx_word' id='word_1_363' title='bbox 899 1752 914 1770; x_wconf 39' lang='lat' dir='ltr'><strong>‚v</strong></span> <span class='ocrx_word' id='word_1_364' title='bbox 940 1733 1092 1770; x_wconf 85' lang='lat' dir='ltr'><strong>imaginem</strong></span> <span class='ocrx_word' id='word_1_365' title='bbox 1114 1732 1149 1760; x_wconf 92' lang='lat' dir='ltr'><strong>ab</strong></span> <span class='ocrx_word' id='word_1_366' title='bbox 1166 1730 1336 1760; x_wconf 85' lang='lat' dir='ltr'><strong>animalibus</strong></span> <span class='ocrx_word' id='word_1_367' title='bbox 1357 1731 1524 1767; x_wconf 84' lang='lat' dir='ltr'><strong>cornugeris</strong></span> <span class='ocrx_word' id='word_1_368' title='bbox 1545 1736 1607 1758; x_wconf 88' lang='lat' dir='ltr'><strong>esse</strong></span> 
     </span>
     <span class='ocr_line' id='line_1_31' title="bbox 85 1781 1607 1826; baseline -0.003 -14"><span class='ocrx_word' id='word_1_369' title='bbox 85 1783 262 1820; x_wconf 68' lang='lat' dir='ltr'><strong>desumtam,</strong></span> <span class='ocrx_word' id='word_1_370' title='bbox 285 1793 358 1820; x_wconf 86' lang='lat' dir='ltr'><strong>quae</strong></span> <span class='ocrx_word' id='word_1_371' title='bbox 378 1784 516 1813; x_wconf 85' lang='lat' dir='ltr'><strong>cornibus</strong></span> <span class='ocrx_word' id='word_1_372' title='bbox 536 1785 595 1814; x_wconf 89' lang='lat' dir='ltr'><strong>vim</strong></span> <span class='ocrx_word' id='word_1_373' title='bbox 621 1786 769 1826; x_wconf 66' lang='lat' dir='ltr'><strong>adversam</strong></span> <span class='ocrx_word' id='word_1_374' title='bbox 796 1787 957 1823; x_wconf 86' lang='lat' dir='ltr'><strong>repellunt,</strong></span> <span class='ocrx_word' id='word_1_375' title='bbox 983 1784 1078 1820; x_wconf 86' lang='lat' dir='ltr'><strong>iisque</strong></span> <span class='ocrx_word' id='word_1_376' title='bbox 1096 1784 1283 1820; x_wconf 87' lang='lat' dir='ltr'><strong>praecipuum</strong></span> <span class='ocrx_word' id='word_1_377' title='bbox 1309 1790 1396 1811; x_wconf 91' lang='lat' dir='ltr'><strong>suum</strong></span> <span class='ocrx_word' id='word_1_378' title='bbox 1420 1781 1510 1810; x_wconf 82' lang='lat' dir='ltr'><strong>robur</strong></span> <span class='ocrx_word' id='word_1_379' title='bbox 1525 1787 1607 1808; x_wconf 87' lang='lat' dir='ltr'><strong>exse-</strong></span> 
     </span>
     <span class='ocr_line' id='line_1_32' title="bbox 86 1831 1606 1875; baseline -0.003 -11"><span class='ocrx_word' id='word_1_380' title='bbox 86 1841 167 1864; x_wconf 82' lang='lat' dir='ltr'><strong>runt.</strong></span> <span class='ocrx_word' id='word_1_381' title='bbox 210 1836 307 1872; x_wconf 79' lang='lat' dir='ltr'><strong>Quem</strong></span> <span class='ocrx_word' id='word_1_382' title='bbox 337 1842 454 1873; x_wconf 89' lang='lat' dir='ltr'><strong>tropum</strong></span> <span class='ocrx_word' id='word_1_383' title='bbox 479 1845 562 1866; x_wconf 88' lang='lat' dir='ltr'><strong>nemo</strong></span> <span class='ocrx_word' id='word_1_384' title='bbox 588 1837 739 1867; x_wconf 86' lang='lat' dir='ltr'><strong>mirabitur</strong></span> <span class='ocrx_word' id='word_1_385' title='bbox 761 1837 905 1875; x_wconf 81' lang='lat' dir='ltr'><strong>placuisse</strong></span> <span class='ocrx_word' id='word_1_386' title='bbox 931 1837 1043 1875; x_wconf 85' lang='lat' dir='ltr'><strong>populo</strong></span> <span class='ocrx_word' id='word_1_387' title='bbox 1070 1835 1110 1864; x_wconf 86' lang='lat' dir='ltr'><strong>rei</strong></span> <span class='ocrx_word' id='word_1_388' title='bbox 1134 1834 1282 1872; x_wconf 83' lang='lat' dir='ltr'><strong>pecuariae</strong></span> <span class='ocrx_word' id='word_1_389' title='bbox 1305 1843 1391 1871; x_wconf 88' lang='lat' dir='ltr'><strong>quam</strong></span> <span class='ocrx_word' id='word_1_390' title='bbox 1415 1832 1533 1862; x_wconf 81' lang='lat' dir='ltr'><strong>maxime</strong></span> <span class='ocrx_word' id='word_1_391' title='bbox 1559 1831 1606 1860; x_wconf 88' lang='lat' dir='ltr'><strong>de-</strong></span> 
     </span>
     <span class='ocr_line' id='line_1_33' title="bbox 83 1881 1605 1927; baseline -0.003 -13"><span class='ocrx_word' id='word_1_392' title='bbox 83 1886 170 1922; x_wconf 62' lang='lat' dir='ltr'><strong>ditm,</strong></span> <span class='ocrx_word' id='word_1_393' title='bbox 192 1885 273 1914; x_wconf 83' lang='lat' dir='ltr'><strong>conf.</strong></span> <span class='ocrx_word' id='word_1_394' title='bbox 296 1887 425 1918; x_wconf 69' lang='lat' dir='ltr'><strong>Damius</strong></span> <span class='ocrx_word' id='word_1_395' title='bbox 447 1889 482 1918; x_wconf 82' lang='lat' dir='ltr'><strong>ad</strong></span> <span class='ocrx_word' id='word_1_396' title='bbox 499 1889 547 1918; x_wconf 92' lang='lat' dir='ltr'><strong>Ps.</strong></span> <span class='ocrx_word' id='word_1_397' title='bbox 573 1889 682 1919; x_wconf 87' lang='lat' dir='ltr'><strong>XVIII:</strong></span> <span class='ocrx_word' id='word_1_398' title='bbox 707 1899 734 1927; x_wconf 86' lang='lat'><strong>3.</strong></span> <span class='ocrx_word' id='word_1_399' title='bbox 776 1889 852 1919; x_wconf 88' lang='lat' dir='ltr'><strong>Hinc</strong></span> <span class='ocrx_word' id='word_1_400' title='bbox 871 1889 980 1927; x_wconf 86' lang='lat' dir='ltr'><strong>passim</strong></span> <span class='ocrx_word' id='word_1_401' title='bbox 998 1894 1122 1918; x_wconf 86' lang='lat' dir='ltr'><strong>utuntur</strong></span> <span class='ocrx_word' id='word_1_402' title='bbox 1141 1887 1264 1916; x_wconf 89' lang='lat' dir='ltr'><strong>Hebraei</strong></span> <span class='ocrx_word' id='word_1_403' title='bbox 1282 1887 1338 1916; x_wconf 85' lang='lat' dir='ltr'><strong>hoc</strong></span> <span class='ocrx_word' id='word_1_404' title='bbox 1354 1892 1440 1920; x_wconf 86' lang='lat' dir='ltr'><strong>tropo</strong></span> <span class='ocrx_word' id='word_1_405' title='bbox 1464 1883 1499 1911; x_wconf 90' lang='lat' dir='ltr'><strong>ad</strong></span> <span class='ocrx_word' id='word_1_406' title='bbox 1515 1881 1605 1911; x_wconf 72' lang='lat' dir='ltr'><strong>robur</strong></span> 
     </span>
     <span class='ocr_line' id='line_1_34' title="bbox 87 1933 1600 1980; baseline -0.005 -9"><span class='ocrx_word' id='word_1_407' title='bbox 87 1944 117 1968; x_wconf 83' lang='lat' dir='ltr'><strong>et</strong></span> <span class='ocrx_word' id='word_1_408' title='bbox 132 1939 291 1977; x_wconf 80' lang='lat' dir='ltr'><strong>potentiam</strong></span> <span class='ocrx_word' id='word_1_409' title='bbox 306 1937 337 1966; x_wconf 69' lang='lat' dir='ltr'><strong>ln</strong></span> <span class='ocrx_word' id='word_1_410' title='bbox 355 1941 518 1970; x_wconf 83' lang='lat' dir='ltr'><strong>universum</strong></span> <span class='ocrx_word' id='word_1_411' title='bbox 538 1941 735 1980; x_wconf 86' lang='lat' dir='ltr'><strong>indicandam,</strong></span> <span class='ocrx_word' id='word_1_412' title='bbox 757 1949 790 1971; x_wconf 89' lang='lat' dir='ltr'><strong>ut</strong></span> <span class='ocrx_word' id='word_1_413' title='bbox 806 1941 941 1979; x_wconf 80' lang='lat' dir='ltr'><strong>colligere</strong></span> <span class='ocrx_word' id='word_1_414' title='bbox 961 1948 1006 1971; x_wconf 86' lang='lat' dir='ltr'><strong>est</strong></span> <span class='ocrx_word' id='word_1_415' title='bbox 1019 1950 1053 1970; x_wconf 86' lang='lat' dir='ltr'><strong>ex</strong></span> <span class='ocrx_word' id='word_1_416' title='bbox 1070 1941 1157 1970; x_wconf 88' lang='lat' dir='ltr'><strong>Deut.</strong></span> <span class='ocrx_word' id='word_1_417' title='bbox 1177 1939 1311 1969; x_wconf 78' lang='lat' dir='ltr'><strong>XXXIII:</strong></span> <span class='ocrx_word' id='word_1_418' title='bbox 1337 1945 1381 1973; x_wconf 88' lang='lat'><strong>17.</strong></span> <span class='ocrx_word' id='word_1_419' title='bbox 1410 1935 1460 1964; x_wconf 91' lang='lat' dir='ltr'><strong>Ps.</strong></span> <span class='ocrx_word' id='word_1_420' title='bbox 1473 1933 1600 1963; x_wconf 84' lang='lat' dir='ltr'><strong>LXXV:</strong></span> 
     </span>
    </p>
   </div>
   <div class='ocr_carea' id='block_1_7' title="bbox 87 1985 1606 2073">
    <p class='ocr_par' dir='ltr' id='par_1_10' title="bbox 87 1985 1606 2073">
     <span class='ocr_line' id='line_1_35' title="bbox 87 1985 1605 2066; baseline -0.005 -47"><span class='ocrx_word' id='word_1_421' title='bbox 87 1996 194 2030; x_wconf 56' lang='lat'><strong>⁵³²¹¹0</strong></span> <span class='ocrx_word' id='word_1_422' title='bbox 225 1989 347 2028; x_wconf 77' lang='lat' dir='ltr'><strong>allisque</strong></span> <span class='ocrx_word' id='word_1_423' title='bbox 363 1991 436 2021; x_wconf 89' lang='lat' dir='ltr'><strong>locis</strong></span> <span class='ocrx_word' id='word_1_424' title='bbox 467 2001 553 2037; x_wconf 78' lang='lat' dir='ltr'><strong>quam</strong></span> <span class='ocrx_word' id='word_1_425' title='bbox 578 1994 725 2032; x_wconf 78' lang='lat' dir='ltr'><strong>plurimis.</strong></span> <span class='ocrx_word' id='word_1_426' title='bbox 748 2011 754 2039; x_wconf 26' lang='grc' dir='ltr'>ζ</span> <span class='ocrx_word' id='word_1_427' title='bbox 773 1994 918 2033; x_wconf 75' lang='lat' dir='ltr'><strong>chrysost.</strong></span> <span class='ocrx_word' id='word_1_428' title='bbox 944 1993 1031 2024; x_wconf 87' lang='lat' dir='ltr'><strong>Tom.</strong></span> <span class='ocrx_word' id='word_1_429' title='bbox 1047 1992 1085 2022; x_wconf 91' lang='lat' dir='ltr'><strong>V.</strong></span> <span class='ocrx_word' id='word_1_430' title='bbox 1111 2000 1178 2030; x_wconf 84' lang='lat' dir='ltr'><strong>pag.</strong></span> <span class='ocrx_word' id='word_1_431' title='bbox 1198 1999 1246 2027; x_wconf 85' lang='lat'><strong>74.</strong></span> <span class='ocrx_word' id='word_1_432' title='bbox 1277 1989 1346 2019; x_wconf 90' lang='lat' dir='ltr'><strong>edit.</strong></span> <span class='ocrx_word' id='word_1_433' title='bbox 1374 1988 1441 2017; x_wconf 85' lang='lat' dir='ltr'><strong>Sav.</strong></span> <span class='ocrx_word' id='word_1_434' title='bbox 1463 1987 1498 2015; x_wconf 88' lang='lat' dir='ltr'><strong>ad</strong></span> <span class='ocrx_word' id='word_1_435' title='bbox 1518 1985 1605 2066; x_wconf 45' lang='lat' dir='ltr'><strong>vjrba</strong></span> 
     </span>
     <span class='ocr_line' id='line_1_36' title="bbox 476 2037 1606 2073; baseline -0.002 -5"><span class='ocrx_word' id='word_1_436' title='bbox 476 2042 479 2045; x_wconf 93' lang='grc'>’</span> <span class='ocrx_word' id='word_1_437' title='bbox 499 2041 501 2043; x_wconf 84' lang='grc'><strong>’</strong></span> <span class='ocrx_word' id='word_1_438' title='bbox 873 2044 896 2073; x_wconf 79' lang='grc' dir='ltr'>Β</span> <span class='ocrx_word' id='word_1_439' title='bbox 918 2054 936 2073; x_wconf 81' lang='lat'>2</span> <span class='ocrx_word' id='word_1_440' title='bbox 1525 2037 1537 2066; x_wconf 93' lang='lat'>1</span> <span class='ocrx_word' id='word_1_441' title='bbox 1556 2043 1606 2067; x_wconf 74' lang='lat' dir='ltr'><strong>an-</strong></span> 
     </span>
    </p>
   </div>
  </div>
 </body>
</html>
