1940 2474
435 141 1006 176 COMMENTATIO
1064 145 1393 181 CHEMICA.
1627 149 1669 182 33

847 256 875 293 S·
918 264 965 292 32·

181 335 248 366 Huc
270 342 388 371 quoque
410 334 501 370 facit,
525 334 604 370 quod
624 333 864 370 quemadmodum
890 333 965 362 inter
988 332 1102 363 fossilia
1127 334 1276 371 primitiva
1301 335 1414 364 nullum
1440 336 1583 368 invenitur
1593 348 1661 370 azo-

139 394 204 418 tum
228 387 399 422 continens,
427 386 467 414 ita
490 387 559 415 haec
581 385 714 422 singula,
742 393 814 421 quae
839 384 1010 421 posterioris
1037 392 1106 414 sunt
1130 385 1332 422 formationis,
1361 393 1448 424 atque
1470 388 1584 419 animali
1614 391 1656 421 in-

133 440 208 471 -dole
230 439 348 473 induta,
371 437 470 475 maj0ri
494 436 634 466 minorive
656 436 742 473 copia
764 436 819 465 hoc
837 426 983 464 azotieuni
1001 436 1177 473 principium
1195 437 1358 467 exhibeant.

179 492 345 528 Spectemus
368 490 446 518 illam
471 488 582 517 telluris
611 494 726 517 nostrae
752 487 949 525 superficiem,
978 497 1051 524 quae
1072 489 1201 519 nascitur
1229 491 1359 527 reliquiis
1388 480 1573 529 potissimum
1600 495 1661 525 ani-

140 542 277 577 malium,
293 547 320 570 et
340 547 413 570 terra
437 541 578 576 humosa,
599 546 674 576 atra,
694 541 740 569 vel
761 539 957 568 inflammabili
974 540 1182 578 constituitur;
1207 548 1369 578 spectemus
1387 543 1516 580 ingentes
1539 545 1654 576 fodinas

139 593 281 628 turfinas‚
302 599 329 621 et
353 592 504 620 immensas
530 591 735 621 >lithantracum
758 599 867 619 massas
889 590 994 628 (80),
1023 599 1096 626 quae
1119 598 1215 620 tantae
1234 599 1323 628 sunt,
1351 600 1382 621 ut
1407 594 1512 624 faciant
1534 598 1568 625 ad
1593 607 1658 634 par-

138 650 195 674 tem
219 644 358 681 insignem
375 650 491 672 nostrae
509 643 622 672 telluris
649 642 899 677 constituendam
929 648 1091 677 spectemus
1122 642 1282 678 bitumina,
1311 644 1357 672 vel
1381 646 1498 681 puriora
1523 648 1571 676 vel
1591 649 1657 677 aliis

138 695 220 732 terris
239 695 385 730 immixta,
406 695 527 731 lapidem
551 695 726 730 calcarenm,
749 695 868 723 suillum
892 693 1126 730 bituminosam,
1155 696 1263 724 scistos
1287 696 1379 725 variae
1398 696 1506 727 formae
1528 706 1555 727 et
1577 700 1658 729 habi-

128 752 206 781 ·tus,
229 752 261 774 ut
281 746 335 774 alia
358 745 463 774 similis
485 754 600 775 normae
621 745 736 774 fossilia
763 752 887 782 taceam3
919 752 1083 782 spectemus
1111 746 1160 775 iila
1184 746 1309 783 plurima
1337 749 1448 778 telluris
1466 756 1569 786 strata,
1599 752 1657 780 sibi

135 796 290 833 imposita,
313 803 340 825 et
359 797 522 825 animalium
542 797 673 833 reliquiis
695 797 874 833 constituta3
897 803 1062 833 spectemus
1084 805 1143 826 uno
1170 798 1258 826 verbo
1279 798 1344 828 illas
1367 801 1479 830 telluris
1499 802 1651 839 regiones,

135 855 210 883 quae
227 849 272 876 vel
293 848 462 877 animalibus
485 857 565 877 suam
585 848 688 878 debent
712 849 872 886 originem,
895 855 943 877 aut
966 848 1117 883 inquibus
1135 857 1189 884 pro
1211 858 1310 886 magna
1331 857 1412 886 parte
1431 859 1500 881 sunt
1522 854 1656 883 conditae

127 898 300 928 -mimalium
320 899 467 935 reliquiae.
489 917 526 924 —
544 901 585 929 Et
605 900 702 928 ubivis
727 889 768 928 sl'c
792 900 869 929 azoti
889 905 1049 936 proventus
1069 907 1114 929 est
1130 900 1306 930 ditissimus.
1329 917 1361 923 -
1381 902 1579 940 Suinciantur
1598 905 1654 934 hu-

135 957 201 978 mus
220 950 323 988 (81),
345 950 424 979 turfa
446 952 552 989 (82),
584 951 766 980 lithantraces
792 952 892 989 (83),
915 951 1024 980 scistus
1047 951 1177 987 foetens,
1204 952 1277 988 alia,
1301 954 1488 984 destillationi
1509 956 1603 985 siccae
1623 963 1652 985 et

135 1001 203 1031 inde
222 1002 293 1030 satis
315 1011 415 1040 magna
435 1003 520 1039 copia
540 1002 660 1031 habetur
682 1002 860 1039 ammoniae3
885 1002 955 1039 quid
975 1009 1069 1032 autem
1091 1003 1159 1032 haec
1175 1004 1320 1033 ammonia
1344 1004 1441 1041 aliud,
1472 1014 1558 1042 quam
1582 1015 1651 1036 azo·

135 1059 198 1082 tum
220 1063 286 1083 cum
310 1054 487 1092 hydrogenio
509 1055 667 1092 junctum?
1555 1096 1559 1099 1

173 1105 322 1134 Undenam
343 1115 411 1135 vero
434 1107 490 1135 hoe
511 1113 627 1136 azotum
653 1106 683 1136 in
706 1107 806 1137 tellure
827 1107 993 1137 firmatum?
1023 1117 1083 1138 non
1102 1116 1146 1138 est
1170 1109 1280 1146 origine
1308 1116 1393 1139 tenus
1422 1118 1457 1139 ex
1481 1111 1583 1139 tellure
1606 1109 1650 1138 in-

133 1156 285 1194 organica3
314 1166 380 1186 nam
404 1157 433 1187 in
448 1158 605 1194 omnibus,
632 1167 705 1195 quae
730 1165 794 1188 ante
815 1160 978 1196 periodum*
993 1161 1104 1189 telluris
1124 1167 1255 1196 nostrae,
1285 1170 1343 1197 qua
1372 1170 1493 1198 corpora
1520 1161 1654 1198 organica

125 1208 281 1244 exstitere,
303 1208 424 1238 formata
446 1216 530 1245 sunt,
553 1219 612 1239 non
636 1210 780 1240 invenitur
795 1218 933 1246 azotum,
958 1213 1038 1248 quod
1059 1212 1173 1241 demum
1197 1211 1344 1240 invenitur
1369 1211 1406 1240 iis
1430 1211 1520 1246 locis,
1541 1210 1651 1247 quibus

127 1259 204 1287 vitae
222 1261 352 1289 animalis
373 1262 516 1297 producta
537 1268 683 1297 prostant.
712 1279 751 1287 -
779 1263 879 1298 Itaque
907 1263 973 1292 hinc
995 1264 1161 1298 concludo,
1184 1271 1236 1299 per
1251 1263 1328 1292 vitae
1346 1262 1476 1292 animalis
1492 1262 1652 1292 mirabilem

97 1329 101 1332 -
127 1309 276 1339 efficaciam
300 1310 405 1339 fixatur
423 1318 560 1348 azotumg,
585 1321 675 1348 quum
697 1321 766 1342 vero
790 1322 850 1342 non
877 1315 950 1343 alius
978 1314 1065 1343 nobis
1097 1314 1234 1351 cognitus
1268 1315 1346 1343 azoti
1367 1314 1434 1344 fons
1464 1315 1521 1351 sit,
1547 1316 1650 1344 Atmo·

128 1361 248 1397 sphaera
269 1369 403 1399 excepta,
424 1371 478 1399 pro
498 1364 638 1400 praesenti
665 1373 758 1394 rerum
777 1366 962 1403 physicarum
979 1365 1169 1400 conditione,
1192 1366 1227 1394 ad
1244 1366 1321 1394 hunc
1338 1366 1449 1395 fontem
1471 1373 1649 1395 recurramus

128 1419 246 1442 necesse
268 1420 331 1450 est,
354 1422 526 1450 omnemque
547 1415 625 1444 fixati
645 1416 724 1445 azoti
747 1417 885 1454 origInem
907 1417 1068 1446 derivemus
1091 1425 1125 1445 ex
1144 1417 1197 1445 hac
1218 1416 1281 1454 ipsa
1298 1418 1519 1454 Atmosphaera.

1548 1540 1576 1577 §-
1599 1547 1646 1576 33-

152 1631 222 1662 ἳθο)
239 1633 352 1660 Fourcroy,
367 1635 410 1656 1.1.
428 1635 494 1656 Tem.
511 1635 569 1657 Vffl.
586 1641 609 1663 p.
624 1640 674 1662 ευ,

152 1674 172 1703 ’(
180 1674 224 1700 81)
242 1676 350 1702 Tho-nan,
365 1677 380 1697 1.
396 1676 412 1698 l.
429 1677 495 1698 Tom.
510 1677 567 1698 vm.
582 1684 604 1703 p.
621 1683 673 1703 552.

153 1715 220 1743 (8²)
234 1716 284 1738 Vid.
299 1716 418 1738 Scluikund.
431 1718 531 1740 Vaerhand.
550 1725 596 1740 aver
609 1719 646 1740 den
659 1723 732 1741 zeutem
743 1721 827 1748 naming
844 1720 882 1741 der
900 1719 1031 1748 turfkoolen,
1046 1721 1094 1743 dm
1112 1721 1139 1744 G.
1152 1720 1180 1745 G.
1193 1725 1227 1744 nn
1240 1721 1313 1750 Hans,
1334 1720 1385 1743 Bu.
1402 1721 1456 1743 Gon.
1476 1724 1495 1741 u
1509 1717 1646 1745 Rumam»

127 1756 190 1779 Tem.
204 1758 232 1779 V·
249 1763 298 1784 pag.
317 1760 445 1785 192—198.
460 1765 482 1781 et
499 1765 595 1782 summos
610 1761 756 1782 Boerhaavt'am
772 1766 794 1784 et
807 1763 908 1784 σκυφία.
922 1763 953 1785 ibi
967 1763 1055 1786 citatos.

152 1797 214 1824 (³3)
232 1799 355 1820 munchen
374 1806 414 1820 zur
431 1801 546 1821 Cercln'clm
565 1801 602 1822 dn
618 1802 745 1823 snmk'omen
764 1809 802 1825 von
819 1804 880 1831 Pras:
899 1803 992 1831 Proust,
1013 1806 1035 1826 in
1052 1805 1145 1833 Je-rnut
1157 1804 1198 1832 fur
1217 1804 1250 1827 die
1269 1804 1347 1825 Chi-uia
1365 1803 1407 1824 und
1417 1802 1492 1830 Phyn'k
1505 1808 1542 1824 von
1555 1801 1647 1827 ceum.

127 1839 192 1862 Tem.
206 1840 242 1862 111.
260 1847 283 1868 p.
293 1846 342 1867 352·
357 1839 402 1863 fine
414 1846 440 1862 et
456 1848 479 1868 p.
493 1847 552 1868 355;
566 1842 604 1864 ubi
617 1850 640 1870 p.
656 1849 704 1869 370.
719 1843 812 1869 legitur:
830 1845 902 1872 „Der
914 1846 1033 1868 stickstoff
1040 1846 1070 1869 ist
1082 1846 1132 1869 hlei·
1144 1847 1207 1875 also,
1222 1846 1325 1873 obgleich
1335 1851 1376 1868 nur
1387 1844 1452 1867 zuein
1464 1844 1548 1867 zuruck
1558 1842 1648 1870 gebue-

125 1895 145 1907 „
160 1881 216 1904 ben:
232 1881 269 1902 fur
283 1883 326 1904 den
338 1882 458 1904 ehemiker
471 1881 507 1904 ein
521 1883 615 1910 Finger-
625 1885 690 1910 zeig,
706 1885 745 1907 der
759 1885 803 1907 ihm
817 1887 860 1909 den
872 1888 986 1915 Urspruug
999 1888 1072 1910 dieses
1090 1888 1198 1910 Products
1212 1887 1347 1910 entwickeln
1361 1887 1427 1912 hilst;
1443 1892 1467 1908 er
1480 1886 1539 1912 zeigt
1553 1883 1649 1907 unstrei-

127 1923 145 1948 ,ὁ
161 1921 206 1948 rig,
221 1922 296 1944 dassen·
308 1928 338 1945 zu
351 1922 415 1948 iener
426 1925 500 1946 Maste
519 1925 663 1952 organischen
676 1926 741 1950 stofl‘s
759 1927 840 1955 gehon
857 1929 909 1959 hat,
930 1931 1018 1953 welche
1037 1929 1075 1953 die
1090 1929 1249 1953 wirksnmkeiz
1263 1930 1303 1952 der
1317 1928 1477 1958 Juhrhunderte
1491 1932 1593 1952 zerem,
1608 1930 1647 1947 ¹¹¹⁸

126 1976 145 1989 ,,
160 1962 192 1985 sie
206 1962 230 1984 iu
242 1963 369 1986 Steinkohle
382 1971 409 1988 zu
423 1966 575 1991 venundeln.
1646 1970 1648 1974 ⁵

948 1986 985 2043 Ε,
