1940 2474
1353 110 1360 127 ὃ

295 165 312 197 3
553 162 707 195 JANI
771 160 1544 195 THEODORI'BERGMAN

298 258 345 281 tus
367 249 484 287 patriam
504 249 650 285 liberavit,
673 251 760 286 hujus
782 249 871 286 igitur
894 248 1071 284 doctrinam,
1098 249 1184 286 longe
1206 238 1317 285 lateque
1344 250 1496 286 fluentem,
1518 251 1641 280 Romam
1661 257 1806 288 permana-

301 303 388 332 visse.
429 302 468 330 Et
493 301 565 329 hanc
589 301 755 329 sententiam
779 301 946 329 confirmare
961 300 1056 329 studet
1070 300 1248 336 rationibus,
1272 309 1337 329 cum
1355 310 1370 329 e
1390 303 1553 339 conjectura
1577 303 1689 339 ductis,
1711 311 1772 333 tum
1793 312 1810 333 e

297 352 430 389 vestigiis
451 341 715 389 Pythagoreorum,
746 360 818 387 quae
838 352 867 380 in
891 352 1030 387 majorum
1056 351 1197 381 institutis
1220 359 1386 381 conservata
1406 353 1539 389 videbat,
1568 353 1599 382 in
1622 354 1729 390 quibus
1753 361 1811 384 erat

299 411 328 434 et
348 404 439 439 illud,
462 403 560 439 quod,
591 411 654 431 cum
681 402 852 439 Pythagorei
872 403 909 430 ad
934 402 1021 430 animi
1043 402 1238 432 remissionem
1263 410 1290 431 et
1314 404 1548 440 tranquillitatem
1570 405 1680 434 musica
1700 412 1812 436 uteren-

296 461 359 490 tur,
382 455 453 483 idem
475 455 551 490 apud
571 461 678 482 veteres
702 454 849 482 Romanos
877 454 908 482 in
932 454 1075 483 conviviis
1105 454 1175 483 olim
1200 455 1338 484 usitatum
1369 455 1462 484 fuisse
1490 456 1662 492 reperiebat:
1694 457 1728 485 de
1755 466 1811 493 qua

295 506 505 536 consuetudine
527 506 613 541 paulo
636 512 699 534 ante
720 505 856 533 diximus.
899 505 954 534 Sed
973 506 997 534 si
1022 507 1102 542 quod
1123 506 1195 535 illud
1216 514 1273 536 erat
1291 506 1496 543 Philosophiae
1516 507 1666 543 studium,
1694 516 1746 537 nec
1768 508 1810 537 la-

297 563 325 586 te
349 547 481 594 patebat,
502 564 594 592 neque
617 558 661 585 vel
683 557 820 592 sapientis
836 558 881 585 vel
905 557 1076 594 Philosophi
1099 566 1202 586 nomen
1219 558 1373 594 quisquam
1393 558 1524 588 habebat.

304 621 306 624 >
334 609 433 645 Atque
454 609 505 637 hae
526 607 644 637 fuerunt
670 608 765 636 literae
792 607 910 636 Lat-inae
931 615 995 637 ante
1018 609 1091 637 bella
1116 609 1241 638 Punica:
1270 610 1402 639 universe
1424 616 1517 638 autem
1544 611 1727 639 statuendum
1747 617 1810 646 est,

297 668 341 689 eas
370 660 460 688 fuisse
482 660 562 688 valde
585 660 668 688 rudes
691 666 717 688 et
741 659 884 695 incultas,
913 661 992 695 quod
1020 661 1053 688 de
1076 661 1137 696 ipsa
1161 669 1277 696 quoque
1301 661 1416 698 Lingua
1444 652 1549 690 Latina
1574 668 1706 697 constat,
1736 670 1809 697 quae

297 720 347 748 per
367 711 495 746 quinque
521 711 614 747 priora
641 711 674 738 ab
699 711 778 739 Urbe
802 712 917 740 condita
942 713 1039 740 secula
1063 713 1176 740 horrida
1203 712 1260 740 fuit
1292 721 1322 741 ac
1348 712 1405 741 fere
1435 713 1569 749 barbara;
1598 719 1630 741 ut
1653 713 1811 741 luculenter

295 769 411 798 apparet
430 771 463 790 ex
488 763 548 799 ejus
576 762 790 797 antiquissimis
812 763 960 798 reliquiis,
983 772 1055 800 quae
1079 764 1221 799 hodieque
1234 770 1365 799 exstant,
1387 773 1570 801 quarumque
1591 765 1717 800 exempla
1736 772 1810 793 non-

294 814 376 842 nulla
395 813 515 849 collegit
536 813 720 841 Facciolatas
741 815 760 841 l.
779 822 806 842 c.
828 823 859 850 p.
880 823 914 842 ’.ὀ
936 823 1003 851 sqq.

1003 905 1032 941 §.
1072 915 1102 941 4.

654 990 700 1020 De
721 991 872 1022 Historiae
895 991 1069 1022 Literamtm
1095 993 1276 1021 Latinarum
1298 992 1445 1023 Fontibus.

331 1068 488 1105 Superest,
517 1075 549 1097 ut
573 1069 696 1098 breviter
724 1070 819 1099 fontes
850 1070 1026 1107 indicemus,
1055 1071 1130 1099 unde
1152 1070 1313 1099 Literarum
1336 1071 1503 1100 Latinarum
1529 1070 1665 1100 historiae
1688 1070 1810 1108 petendu

293 1126 346 1149 est.
388 1120 496 1149 Eorum
517 1121 571 1149 tria
595 1121 781 1157 potissimum
798 1129 868 1151 suut
887 1131 997 1159 genera.

332 1171 466 1200 Primum
491 1172 606 1207 quidem
631 1173 721 1201 locum
747 1173 803 1210 ipsi
825 1180 921 1202 tenent
946 1175 1108 1212 Scriptores
1131 1181 1256 1209 veteres,
1283 1182 1347 1203 cum
1373 1173 1487 1210 Latini,
1516 1180 1576 1203 tum
1599 1184 1614 1204 e
1635 1175 1755 1205 Graecis
1778 1175 1810 1203 il-

294 1223 335 1257 li,
358 1223 408 1258 qui
431 1224 465 1251 de
487 1223 684 1252 Romanorum
707 1225 791 1253 rebus
809 1232 946 1262 egerunt,
967 1226 1058 1254 veluti
1079 1226 1236 1262 Polybius,
1257 1226 1420 1263 Dionysius
1442 1226 1725 1261 Halicarnassmsis,
1746 1226 1812 1254 Plu-

293 1274 429 1310 tarchus,
456 1274 628 1311 Appianus,
657 1276 715 1304 Dio
742 1276 883 1312 Cassius,
914 1277 978 1304 alii:
1009 1286 1023 1305 e
1050 1278 1156 1313 quibus
1184 1277 1241 1305 fere
1264 1279 1363 1306 nullus
1387 1284 1450 1312 est,
1477 1278 1547 1312 quin
1578 1278 1688 1313 aliquid
1712 1278 1812 1306 saltem

294 1325 410 1361 habeat,
432 1334 447 1354 e
471 1335 550 1362 quo,
581 1333 719 1362 quantum
741 1327 771 1356 in
795 1329 873 1356 omni
893 1328 1040 1356 doctrinae
1060 1337 1159 1364 genere
1183 1329 1389 1356 elaboraverint
1417 1328 1559 1363 Romani,
1590 1335 1616 1356 et
1641 1328 1713 1363 quid
1732 1336 1811 1364 prae-

293 1376 438 1411 stiterint,
467 1378 512 1405 vel
535 1384 609 1405 certa
633 1379 742 1407 ratione
766 1380 953 1414 concludere,
980 1381 1025 1407 vel
1049 1380 1229 1415 conjecturae
1259 1389 1313 1415 ope
1336 1379 1466 1415 indagare
1487 1379 1647 1415 possimus.
1688 1380 1744 1408 Sed
1763 1388 1812 1415 pe·

293 1427 436 1456 culiariter
460 1428 610 1456 adhibendi
636 1429 677 1456 illi
701 1436 788 1464 suut,
812 1429 884 1464 qui,
909 1430 1056 1458 universas
1074 1439 1116 1459 res
1142 1437 1236 1466 gestas
1258 1430 1456 1459 Romanorum
1482 1431 1642 1466 complexi,
1672 1430 1811 1459 bonarum

293 1487 412 1514 quoque
438 1479 540 1506 artium
567 1479 844 1516 disciplinarumque
875 1480 1022 1509 historiam
1048 1481 1184 1517 operibus
1216 1480 1298 1516 suis,
1327 1481 1388 1509 sive
1416 1481 1523 1510 dedita·
1541 1490 1642 1518 opera,
1672 1480 1734 1510 sive
1760 1481 1842 1509 ubis

293 1529 322 1558 id
341 1538 433 1558 rerum
454 1531 523 1558 ordo
544 1531 689 1565 postulare
707 1531 875 1567 videbatur,
898 1532 1108 1567 i11tersuerunt3
1131 1532 1254 1566 Livius,
1277 1532 1403 1564 Velleius
1425 1532 1619 1568 Patc’rculus,
1642 1533 1810 1568 Suetonius,

290 1581 355 1609 alii:
379 1590 502 1617 quorum
529 1582 656 1617 Velleius
675 1583 787 1618 quidem
813 1584 846 1611 de
869 1583 1009 1612 industria
1029 1592 1138 1612 summa
1155 1584 1314 1612 Lites-arum
1336 1584 1530 1613 Romanarum
1555 1583 1649 1620 capita
1670 1584 1810 1619 breviter,

293 1632 342 1660 sed
365 1633 466 1661 eximia
494 1633 638 1669 judicandi
661 1634 690 1662 vi
713 1643 744 1663 ac
764 1635 934 1671 sagacitate,
961 1636 1073 1672 attigit,
1098 1635 1173 1665 Ilist.
1196 1636 1224 1670 Ι,
1250 1644 1294 1671 17.
1316 1636 1358 1670 ΙΙ,
1382 1645 1399 1671 9
1421 1642 1448 1663 et
1468 1636 1513 1672 36.
1542 1642 1699 1672 postquam
1728 1641 1809 1663 antea

294 1684 324 1717 I,
350 1685 403 1719 16,
424 1686 457 1713 de
476 1684 653 1713 Graecorum
682 1686 775 1714 Poetis
803 1695 834 1714 ae
857 1688 967 1715 solutae
994 1687 1133 1716 orationis
1158 1687 1357 1722 Scriptoribus
1383 1693 1566 1722 exposuerat:
1591 1687 1741 1714 Suetonius
1762 1694 1812 1714 au-

294 1742 349 1764 oem
379 1744 436 1764 eam
466 1736 600 1765 rationem
627 1744 744 1765 secutus
764 1745 826 1772 est,
855 1745 887 1766 ut
912 1739 940 1766 iu
972 1739 1152 1775 singulorum
1178 1740 1385 1775 Imperatorum
1411 1738 1468 1766 vita
1497 1737 1640 1772 rebusque
1664 1736 1811 1765 narrandis

291 1787 441 1821 diligenter
466 1788 572 1816 videret
598 1797 628 1817 ac
654 1789 790 1825 peculiari
818 1789 883 1818 loco
908 1790 1038 1825 referret,
1069 1791 1139 1826 quid
1171 1791 1296 1826 quisque
1323 1789 1351 1818 in
1380 1789 1486 1818 Literis
1513 1796 1614 1823 operae
1644 1787 1810 1823 posuisset,

293 1839 398 1873 quidve
422 1847 516 1867 eii-um
544 1839 648 1868 stuiiis
675 1840 806 1868 utilitatis
830 1841 987 1869 attulisset.
1030 1842 1107 1870 Tum
1132 1842 1242 1878 legendi
1267 1849 1353 1876 suut,
1373 1841 1424 1876 qui
1447 1841 1490 1869 vel
1513 1848 1625 1868 omnem
1648 1839 1808 1868 Literarum

293 1889 442 1917 historiam
468 1898 634 1925 narrarunt,
661 1893 706 1920 vel
733 1892 857 1927 aliquam
879 1893 940 1929 ejus
964 1900 1070 1928 partem
1095 1893 1213 1922 seorsim
1236 1898 1408 1921 tractarunt:
1441 1891 1529 1920 veluti
1553 1892 1586 1919 de
1614 1891 1807 1929 Eloquentiae

291 1940 390 1968 studio
407 1947 518 1969 exstant
539 1942 683 1970 (lices-onis
702 1943 790 1979 liber,
819 1945 867 1980 qui
893 1944 1059 1973 inscribitur
1078 1945 1208 1979 Brutus,
1234 1945 1294 1973 sive
1314 1943 1348 1972 de
1364 1944 1454 1972 claris
1472 1943 1666 1977 Oratoribus,
1687 1948 1733 1977 et,
1755 1942 1806 1978 qui

287 1992 333 2019 vel
358 1991 432 2020 inter
458 1992 647 2030 Quinctiliani
671 1995 713 2023 vel
742 1995 814 2024 inter
838 1995 933 2024 Taciti
953 1997 1062 2033 scripta
1087 1997 1153 2026 ferri
1177 1997 1269 2031 solet,
1298 1995 1442 2032 Dialogus
1468 1993 1502 2022 dc
1528 1994 1629 2024 Causis
1650 1999 1809 2031 corruptae

1739 2043 1812 2073 Eta-
