<?xml version="1.0" encoding="UTF-8"?>
<!DOCTYPE html PUBLIC "-//W3C//DTD XHTML 1.0 Transitional//EN"
    "http://www.w3.org/TR/xhtml1/DTD/xhtml1-transitional.dtd">
<html xmlns="http://www.w3.org/1999/xhtml" xml:lang="en" lang="en">
 <head>
  <title>
</title>
<meta http-equiv="Content-Type" content="text/html;charset=utf-8" />
  <meta name='ocr-system' content='tesseract 3.04.00' />
  <meta name='ocr-capabilities' content='ocr_page ocr_carea ocr_par ocr_line ocrx_word'/>
</head>
<body>
  <div class='ocr_page' id='page_1' title='image "annalesacademiae16rijk_0631.png"; bbox 0 0 1940 2474; ppageno 0'>
   <div class='ocr_carea' id='block_1_1' title="bbox 528 146 1755 192">
    <p class='ocr_par' dir='ltr' id='par_1_1' title="bbox 528 146 1755 192">
     <span class='ocr_line' id='line_1_1' title="bbox 528 146 1755 192; baseline 0.001 -10"><span class='ocrx_word' id='word_1_1' title='bbox 528 146 1045 182; x_wconf 84' lang='lat' dir='ltr'>COMMENTATIO</span> <span class='ocrx_word' id='word_1_2' title='bbox 1115 149 1464 182; x_wconf 71' lang='lat' dir='ltr'><strong>JURIDICA.¹</strong></span> <span class='ocrx_word' id='word_1_3' title='bbox 1709 158 1755 192; x_wconf 69' lang='grc'>99</span> 
     </span>
    </p>
   </div>
   <div class='ocr_carea' id='block_1_2' title="bbox 229 224 1758 1447">
    <p class='ocr_par' dir='ltr' id='par_1_2' title="bbox 241 224 1748 326">
     <span class='ocr_line' id='line_1_2' title="bbox 241 224 1748 273; baseline -0.002 -7"><span class='ocrx_word' id='word_1_4' title='bbox 241 245 284 267; x_wconf 83' lang='lat' dir='ltr'>rat</span> <span class='ocrx_word' id='word_1_5' title='bbox 313 235 392 265; x_wconf 86' lang='lat' dir='ltr'>civili</span> <span class='ocrx_word' id='word_1_6' title='bbox 424 235 558 272; x_wconf 87' lang='lat' dir='ltr'>actione,</span> <span class='ocrx_word' id='word_1_7' title='bbox 595 243 696 272; x_wconf 86' lang='lat' dir='ltr'><strong>nempe</strong></span> <span class='ocrx_word' id='word_1_8' title='bbox 721 237 896 273; x_wconf 68' lang='lat' dir='ltr'>cosffessoria</span> <span class='ocrx_word' id='word_1_9' title='bbox 926 237 958 264; x_wconf 81' lang='lat' dir='ltr'>in</span> <span class='ocrx_word' id='word_1_10' title='bbox 989 224 1062 265; x_wconf 54' lang='lat' dir='ltr'>Rem</span> <span class='ocrx_word' id='word_1_11' title='bbox 1091 238 1203 265; x_wconf 75' lang='lat' dir='ltr'>actione</span> <span class='ocrx_word' id='word_1_12' title='bbox 1220 257 1230 272; x_wconf 82' lang='lat'>‚</span> <span class='ocrx_word' id='word_1_13' title='bbox 1265 237 1314 265; x_wconf 89' lang='lat' dir='ltr'>sed</span> <span class='ocrx_word' id='word_1_14' title='bbox 1342 236 1487 265; x_wconf 84' lang='lat' dir='ltr'>Praetorio</span> <span class='ocrx_word' id='word_1_15' title='bbox 1517 234 1643 264; x_wconf 83' lang='lat' dir='ltr'>remedio</span> <span class='ocrx_word' id='word_1_16' title='bbox 1676 234 1748 263; x_wconf 85' lang='lat' dir='ltr'>indi-</span> 
     </span>
     <span class='ocr_line' id='line_1_3' title="bbox 242 289 1202 326; baseline -0.001 -9"><span class='ocrx_word' id='word_1_17' title='bbox 242 289 336 326; x_wconf 80' lang='lat' dir='ltr'><strong>gebat.</strong></span> <span class='ocrx_word' id='word_1_18' title='bbox 1198 317 1202 320; x_wconf 63' lang='grc'>,</span> 
     </span>
    </p>

    <p class='ocr_par' dir='ltr' id='par_1_3' title="bbox 229 338 1758 1447">
     <span class='ocr_line' id='line_1_4' title="bbox 278 338 1747 377; baseline -0.001 -10"><span class='ocrx_word' id='word_1_19' title='bbox 278 339 412 368; x_wconf 83' lang='lat' dir='ltr'>Diximus</span> <span class='ocrx_word' id='word_1_20' title='bbox 430 348 536 375; x_wconf 79' lang='lat' dir='ltr'>supra,</span> <span class='ocrx_word' id='word_1_21' title='bbox 558 340 752 369; x_wconf 81' lang='lat' dir='ltr'>Publicianam</span> <span class='ocrx_word' id='word_1_22' title='bbox 777 349 835 369; x_wconf 89' lang='lat' dir='ltr'>non</span> <span class='ocrx_word' id='word_1_23' title='bbox 856 340 916 369; x_wconf 83' lang='lat' dir='ltr'>dari</span> <span class='ocrx_word' id='word_1_24' title='bbox 933 341 967 369; x_wconf 86' lang='lat' dir='ltr'>de</span> <span class='ocrx_word' id='word_1_25' title='bbox 988 340 1023 368; x_wconf 87' lang='lat' dir='ltr'>iis</span> <span class='ocrx_word' id='word_1_26' title='bbox 1049 340 1153 374; x_wconf 85' lang='lat' dir='ltr'>rebus,</span> <span class='ocrx_word' id='word_1_27' title='bbox 1175 348 1245 377; x_wconf 90' lang='lat' dir='ltr'>quae</span> <span class='ocrx_word' id='word_1_28' title='bbox 1266 348 1317 369; x_wconf 88' lang='lat' dir='ltr'>nec</span> <span class='ocrx_word' id='word_1_29' title='bbox 1343 340 1482 376; x_wconf 80' lang='lat' dir='ltr'>usucapi,</span> <span class='ocrx_word' id='word_1_30' title='bbox 1503 348 1556 368; x_wconf 88' lang='lat' dir='ltr'>nec</span> <span class='ocrx_word' id='word_1_31' title='bbox 1581 338 1660 375; x_wconf 86' lang='lat' dir='ltr'>longi</span> <span class='ocrx_word' id='word_1_32' title='bbox 1676 345 1747 366; x_wconf 86' lang='lat' dir='ltr'>tem-</span> 
     </span>
     <span class='ocr_line' id='line_1_5' title="bbox 242 390 1749 428; baseline -0.002 -8"><span class='ocrx_word' id='word_1_33' title='bbox 242 391 322 428; x_wconf 85' lang='lat' dir='ltr'>poris</span> <span class='ocrx_word' id='word_1_34' title='bbox 352 390 575 427; x_wconf 79' lang='lat' dir='ltr'>praescriptione</span> <span class='ocrx_word' id='word_1_35' title='bbox 607 391 734 427; x_wconf 69' lang='lat' dir='ltr'>acquiri</span> <span class='ocrx_word' id='word_1_36' title='bbox 744 392 872 427; x_wconf 86' lang='lat' dir='ltr'>possint.</span> <span class='ocrx_word' id='word_1_37' title='bbox 921 392 997 420; x_wconf 84' lang='lat' dir='ltr'>Inter</span> <span class='ocrx_word' id='word_1_38' title='bbox 1020 400 1065 419; x_wconf 88' lang='lat' dir='ltr'>eas</span> <span class='ocrx_word' id='word_1_39' title='bbox 1094 391 1289 420; x_wconf 79' lang='lat' dir='ltr'>recensuimus</span> <span class='ocrx_word' id='word_1_40' title='bbox 1320 400 1364 420; x_wconf 88' lang='lat' dir='ltr'>res</span> <span class='ocrx_word' id='word_1_41' title='bbox 1392 391 1526 420; x_wconf 83' lang='lat' dir='ltr'>furtivas.</span> <span class='ocrx_word' id='word_1_42' title='bbox 1574 390 1749 426; x_wconf 79' lang='lat' dir='ltr'>Proponitur</span> 
     </span>
     <span class='ocr_line' id='line_1_6' title="bbox 242 441 1752 480; baseline -0.001 -9"><span class='ocrx_word' id='word_1_43' title='bbox 242 450 319 471; x_wconf 87' lang='lat' dir='ltr'>nunc</span> <span class='ocrx_word' id='word_1_44' title='bbox 345 441 494 478; x_wconf 81' lang='lat' dir='ltr'><strong>quaestio,</strong></span> <span class='ocrx_word' id='word_1_45' title='bbox 525 451 560 471; x_wconf 90' lang='lat' dir='ltr'>an</span> <span class='ocrx_word' id='word_1_46' title='bbox 583 450 681 478; x_wconf 84' lang='lat' dir='ltr'>partus</span> <span class='ocrx_word' id='word_1_47' title='bbox 705 443 822 471; x_wconf 86' lang='lat' dir='ltr'>ancillae</span> <span class='ocrx_word' id='word_1_48' title='bbox 845 442 967 471; x_wconf 79' lang='lat' dir='ltr'>furtivae</span> <span class='ocrx_word' id='word_1_49' title='bbox 995 443 1115 479; x_wconf 87' lang='lat' dir='ltr'>usucapi</span> <span class='ocrx_word' id='word_1_50' title='bbox 1137 443 1234 479; x_wconf 81' lang='lat' dir='ltr'>possit</span> <span class='ocrx_word' id='word_1_51' title='bbox 1255 443 1362 480; x_wconf 75' lang='lat'>(34)?</span> <span class='ocrx_word' id='word_1_52' title='bbox 1395 442 1465 471; x_wconf 86' lang='lat' dir='ltr'>Erat</span> <span class='ocrx_word' id='word_1_53' title='bbox 1488 450 1518 470; x_wconf 86' lang='lat' dir='ltr'>ea</span> <span class='ocrx_word' id='word_1_54' title='bbox 1541 443 1574 471; x_wconf 91' lang='lat' dir='ltr'>de</span> <span class='ocrx_word' id='word_1_55' title='bbox 1599 451 1628 470; x_wconf 87' lang='lat' dir='ltr'>re</span> <span class='ocrx_word' id='word_1_56' title='bbox 1650 449 1752 478; x_wconf 81' lang='lat' dir='ltr'>magna</span> 
     </span>
     <span class='ocr_line' id='line_1_7' title="bbox 241 493 1750 530; baseline -0.001 -8"><span class='ocrx_word' id='word_1_57' title='bbox 241 493 383 522; x_wconf 83' lang='lat' dir='ltr'>dissensio</span> <span class='ocrx_word' id='word_1_58' title='bbox 409 493 482 522; x_wconf 86' lang='lat' dir='ltr'>inter</span> <span class='ocrx_word' id='word_1_59' title='bbox 501 494 679 522; x_wconf 67' lang='lat' dir='ltr'>Marcellam</span> <span class='ocrx_word' id='word_1_60' title='bbox 700 495 934 529; x_wconf 66' lang='lat' dir='ltr'>et&#39;Scawolam,</span> <span class='ocrx_word' id='word_1_61' title='bbox 956 502 1079 530; x_wconf 84' lang='lat' dir='ltr'>quorum</span> <span class='ocrx_word' id='word_1_62' title='bbox 1105 494 1151 523; x_wconf 89' lang='lat' dir='ltr'>hic</span> <span class='ocrx_word' id='word_1_63' title='bbox 1173 494 1291 530; x_wconf 81' lang='lat' dir='ltr'>putabat</span> <span class='ocrx_word' id='word_1_64' title='bbox 1314 500 1428 530; x_wconf 85' lang='lat' dir='ltr'>partum</span> <span class='ocrx_word' id='word_1_65' title='bbox 1452 493 1569 522; x_wconf 86' lang='lat' dir='ltr'>ancillae</span> <span class='ocrx_word' id='word_1_66' title='bbox 1590 494 1626 522; x_wconf 87' lang='lat' dir='ltr'>ab</span> <span class='ocrx_word' id='word_1_67' title='bbox 1647 493 1750 521; x_wconf 82' lang='lat' dir='ltr'><strong>herede</strong></span> 
     </span>
     <span class='ocr_line' id='line_1_8' title="bbox 239 544 1750 582; baseline -0.001 -10"><span class='ocrx_word' id='word_1_68' title='bbox 239 545 324 573; x_wconf 91' lang='lat' dir='ltr'>Furis</span> <span class='ocrx_word' id='word_1_69' title='bbox 343 544 464 580; x_wconf 84' lang='lat' dir='ltr'>usucapi</span> <span class='ocrx_word' id='word_1_70' title='bbox 488 553 593 580; x_wconf 80' lang='lat' dir='ltr'>posse,</span> <span class='ocrx_word' id='word_1_71' title='bbox 615 544 639 573; x_wconf 85' lang='lat' dir='ltr'>si</span> <span class='ocrx_word' id='word_1_72' title='bbox 662 546 740 581; x_wconf 88' lang='lat' dir='ltr'>apud</span> <span class='ocrx_word' id='word_1_73' title='bbox 763 553 826 573; x_wconf 86' lang='lat' dir='ltr'>eum</span> <span class='ocrx_word' id='word_1_74' title='bbox 844 546 947 574; x_wconf 86' lang='lat' dir='ltr'>ancilla</span> <span class='ocrx_word' id='word_1_75' title='bbox 968 545 1150 581; x_wconf 84' lang='lat' dir='ltr'>concepisset</span> <span class='ocrx_word' id='word_1_76' title='bbox 1173 553 1200 574; x_wconf 86' lang='lat' dir='ltr'>et</span> <span class='ocrx_word' id='word_1_77' title='bbox 1221 546 1399 582; x_wconf 70' lang='lat' dir='ltr'>peperisset,</span> <span class='ocrx_word' id='word_1_78' title='bbox 1426 546 1470 574; x_wconf 87' lang='lat' dir='ltr'>vel</span> <span class='ocrx_word' id='word_1_79' title='bbox 1492 552 1603 574; x_wconf 85' lang='lat' dir='ltr'>tantum</span> <span class='ocrx_word' id='word_1_80' title='bbox 1625 544 1750 582; x_wconf 84' lang='lat' dir='ltr'>peperis-</span> 
     </span>
     <span class='ocr_line' id='line_1_9' title="bbox 243 596 1750 634; baseline -0.001 -10"><span class='ocrx_word' id='word_1_81' title='bbox 243 602 304 631; x_wconf 85' lang='lat' dir='ltr'>set;</span> <span class='ocrx_word' id='word_1_82' title='bbox 321 596 463 631; x_wconf 71' lang='lat' dir='ltr'>quoniam</span> <span class='ocrx_word' id='word_1_83' title='bbox 488 603 586 632; x_wconf 91' lang='lat' dir='ltr'>partus</span> <span class='ocrx_word' id='word_1_84' title='bbox 610 604 668 625; x_wconf 91' lang='lat' dir='ltr'>non</span> <span class='ocrx_word' id='word_1_85' title='bbox 688 603 761 625; x_wconf 73' lang='lat' dir='ltr'>esset</span> <span class='ocrx_word' id='word_1_86' title='bbox 785 597 824 625; x_wconf 79' lang='lat' dir='ltr'>rei</span> <span class='ocrx_word' id='word_1_87' title='bbox 850 596 974 624; x_wconf 78' lang='lat' dir='ltr'>furtivae</span> <span class='ocrx_word' id='word_1_88' title='bbox 999 605 1081 632; x_wconf 85' lang='lat' dir='ltr'>pars:</span> <span class='ocrx_word' id='word_1_89' title='bbox 1112 596 1243 632; x_wconf 88' lang='lat' dir='ltr'>quamvis</span> <span class='ocrx_word' id='word_1_90' title='bbox 1266 603 1364 633; x_wconf 85' lang='lat' dir='ltr'>partus</span> <span class='ocrx_word' id='word_1_91' title='bbox 1384 597 1415 625; x_wconf 88' lang='lat' dir='ltr'>in</span> <span class='ocrx_word' id='word_1_92' title='bbox 1433 597 1496 634; x_wconf 79' lang='lat' dir='ltr'>iure</span> <span class='ocrx_word' id='word_1_93' title='bbox 1520 597 1673 633; x_wconf 81' lang='lat' dir='ltr'>aliquando</span> <span class='ocrx_word' id='word_1_94' title='bbox 1695 603 1750 631; x_wconf 89' lang='lat' dir='ltr'>pro</span> 
     </span>
     <span class='ocr_line' id='line_1_10' title="bbox 240 646 1752 685; baseline -0.001 -10"><span class='ocrx_word' id='word_1_95' title='bbox 240 654 320 683; x_wconf 85' lang='lat' dir='ltr'>parte</span> <span class='ocrx_word' id='word_1_96' title='bbox 345 647 466 684; x_wconf 81' lang='lat' dir='ltr'>alicujus</span> <span class='ocrx_word' id='word_1_97' title='bbox 486 647 540 675; x_wconf 85' lang='lat' dir='ltr'>toti</span> <span class='ocrx_word' id='word_1_98' title='bbox 562 654 706 684; x_wconf 81' lang='lat' dir='ltr'>sumatur3</span> <span class='ocrx_word' id='word_1_99' title='bbox 735 648 815 684; x_wconf 82' lang='lat' dir='ltr'>(vid.</span> <span class='ocrx_word' id='word_1_100' title='bbox 838 647 999 682; x_wconf 68' lang='lat' dir='ltr'>Eekham&#39;,</span> <span class='ocrx_word' id='word_1_101' title='bbox 1028 647 1251 676; x_wconf 71' lang='lat' dir='ltr'>Hermencatica</span> <span class='ocrx_word' id='word_1_102' title='bbox 1269 647 1373 684; x_wconf 79' lang='lat' dir='ltr'>juris,</span> <span class='ocrx_word' id='word_1_103' title='bbox 1399 647 1448 676; x_wconf 79' lang='lat' dir='ltr'>sub</span> <span class='ocrx_word' id='word_1_104' title='bbox 1471 655 1544 676; x_wconf 87' lang='lat' dir='ltr'>voce</span> <span class='ocrx_word' id='word_1_105' title='bbox 1558 653 1665 685; x_wconf 75' lang='lat' dir='ltr'>partus</span> <span class='ocrx_word' id='word_1_106' title='bbox 1686 646 1752 674; x_wconf 84' lang='lat' dir='ltr'>ani-</span> 
     </span>
     <span class='ocr_line' id='line_1_11' title="bbox 241 698 1752 736; baseline -0.001 -10"><span class='ocrx_word' id='word_1_107' title='bbox 241 704 337 727; x_wconf 68' lang='lat' dir='ltr'>matus</span> <span class='ocrx_word' id='word_1_108' title='bbox 346 699 372 736; x_wconf 86' lang='lat'>).</span> <span class='ocrx_word' id='word_1_109' title='bbox 413 698 576 727; x_wconf 69' lang='lat' dir='ltr'>Marcellus</span> <span class='ocrx_word' id='word_1_110' title='bbox 596 705 689 727; x_wconf 84' lang='lat' dir='ltr'>autem</span> <span class='ocrx_word' id='word_1_111' title='bbox 714 705 812 727; x_wconf 83' lang='lat' dir='ltr'>contra</span> <span class='ocrx_word' id='word_1_112' title='bbox 835 699 956 734; x_wconf 84' lang='lat' dir='ltr'>statuit,</span> <span class='ocrx_word' id='word_1_113' title='bbox 985 699 1025 727; x_wconf 88' lang='lat' dir='ltr'>L.</span> <span class='ocrx_word' id='word_1_114' title='bbox 1047 708 1092 727; x_wconf 88' lang='lat'>10.</span> <span class='ocrx_word' id='word_1_115' title='bbox 1120 700 1148 734; x_wconf 82' lang='lat'>§.</span> <span class='ocrx_word' id='word_1_116' title='bbox 1174 709 1202 727; x_wconf 87' lang='lat'>2.</span> <span class='ocrx_word' id='word_1_117' title='bbox 1226 698 1264 735; x_wconf 88' lang='lat' dir='ltr'>ff.</span> <span class='ocrx_word' id='word_1_118' title='bbox 1285 699 1319 726; x_wconf 81' lang='lat' dir='ltr'>cle</span> <span class='ocrx_word' id='word_1_119' title='bbox 1340 699 1449 736; x_wconf 75' lang='lat' dir='ltr'>Usurp.</span> <span class='ocrx_word' id='word_1_120' title='bbox 1473 705 1499 726; x_wconf 77' lang='lat' dir='ltr'>et</span> <span class='ocrx_word' id='word_1_121' title='bbox 1520 699 1608 727; x_wconf 71' lang='lat' dir='ltr'>Usm.</span> <span class='ocrx_word' id='word_1_122' title='bbox 1630 698 1752 733; x_wconf 78' lang='lat' dir='ltr'>eJusque</span> 
     </span>
     <span class='ocr_line' id='line_1_12' title="bbox 243 749 1753 788; baseline -0.003 -10"><span class='ocrx_word' id='word_1_123' title='bbox 243 749 343 785; x_wconf 84' lang='lat' dir='ltr'>opinio</span> <span class='ocrx_word' id='word_1_124' title='bbox 372 750 531 786; x_wconf 86' lang='lat' dir='ltr'>praevaluit</span> <span class='ocrx_word' id='word_1_125' title='bbox 554 750 593 778; x_wconf 87' lang='lat' dir='ltr'>L.</span> <span class='ocrx_word' id='word_1_126' title='bbox 617 757 685 788; x_wconf 82' lang='lat' dir='ltr'>pen.</span> <span class='ocrx_word' id='word_1_127' title='bbox 710 749 746 786; x_wconf 90' lang='lat' dir='ltr'>ff.</span> <span class='ocrx_word' id='word_1_128' title='bbox 772 749 807 778; x_wconf 72' lang='lat' dir='ltr'>de</span> <span class='ocrx_word' id='word_1_129' title='bbox 829 756 910 778; x_wconf 67' lang='lat' dir='ltr'>statu</span> <span class='ocrx_word' id='word_1_130' title='bbox 930 751 1005 778; x_wconf 80' lang='lat' dir='ltr'>hom.</span> <span class='ocrx_word' id='word_1_131' title='bbox 1046 749 1136 777; x_wconf 83' lang='lat' dir='ltr'>Heres</span> <span class='ocrx_word' id='word_1_132' title='bbox 1160 749 1244 778; x_wconf 87' lang='lat' dir='ltr'>Furis</span> <span class='ocrx_word' id='word_1_133' title='bbox 1265 749 1354 785; x_wconf 86' lang='lat' dir='ltr'>igitur</span> <span class='ocrx_word' id='word_1_134' title='bbox 1373 757 1521 785; x_wconf 86' lang='lat' dir='ltr'>nunquam</span> <span class='ocrx_word' id='word_1_135' title='bbox 1545 754 1659 784; x_wconf 86' lang='lat' dir='ltr'>parturn</span> <span class='ocrx_word' id='word_1_136' title='bbox 1685 755 1753 775; x_wconf 88' lang='lat' dir='ltr'>usu-</span> 
     </span>
     <span class='ocr_line' id='line_1_13' title="bbox 241 798 1755 837; baseline -0.001 -10"><span class='ocrx_word' id='word_1_137' title='bbox 241 800 339 835; x_wconf 87' lang='lat' dir='ltr'>capit‚</span> <span class='ocrx_word' id='word_1_138' title='bbox 360 809 453 836; x_wconf 85' lang='lat' dir='ltr'>neque</span> <span class='ocrx_word' id='word_1_139' title='bbox 476 801 500 829; x_wconf 89' lang='lat' dir='ltr'>si</span> <span class='ocrx_word' id='word_1_140' title='bbox 527 801 628 829; x_wconf 84' lang='lat' dir='ltr'>ancilla</span> <span class='ocrx_word' id='word_1_141' title='bbox 652 801 729 836; x_wconf 81' lang='lat' dir='ltr'>apud</span> <span class='ocrx_word' id='word_1_142' title='bbox 749 801 850 828; x_wconf 87' lang='lat' dir='ltr'>Furem</span> <span class='ocrx_word' id='word_1_143' title='bbox 871 800 1053 836; x_wconf 82' lang='lat' dir='ltr'>conceperit,</span> <span class='ocrx_word' id='word_1_144' title='bbox 1075 801 1151 836; x_wconf 83' lang='lat' dir='ltr'>apud</span> <span class='ocrx_word' id='word_1_145' title='bbox 1173 801 1301 829; x_wconf 79' lang='lat' dir='ltr'>heredem</span> <span class='ocrx_word' id='word_1_146' title='bbox 1328 800 1457 837; x_wconf 78' lang='lat' dir='ltr'>peperit,</span> <span class='ocrx_word' id='word_1_147' title='bbox 1479 807 1572 835; x_wconf 88' lang='lat' dir='ltr'>neque</span> <span class='ocrx_word' id='word_1_148' title='bbox 1592 798 1616 827; x_wconf 84' lang='lat' dir='ltr'>si</span> <span class='ocrx_word' id='word_1_149' title='bbox 1639 804 1666 827; x_wconf 88' lang='lat' dir='ltr'>et</span> <span class='ocrx_word' id='word_1_150' title='bbox 1683 806 1755 826; x_wconf 90' lang='lat' dir='ltr'>con-</span> 
     </span>
     <span class='ocr_line' id='line_1_14' title="bbox 240 850 1749 887; baseline -0.001 -9"><span class='ocrx_word' id='word_1_151' title='bbox 240 850 350 886; x_wconf 85' lang='lat' dir='ltr'>ceperit</span> <span class='ocrx_word' id='word_1_152' title='bbox 373 857 400 878; x_wconf 88' lang='lat' dir='ltr'>et</span> <span class='ocrx_word' id='word_1_153' title='bbox 421 851 559 887; x_wconf 84' lang='lat' dir='ltr'>pepererit</span> <span class='ocrx_word' id='word_1_154' title='bbox 583 853 658 887; x_wconf 85' lang='lat' dir='ltr'>apud</span> <span class='ocrx_word' id='word_1_155' title='bbox 682 859 766 886; x_wconf 78' lang='lat' dir='ltr'>eum3</span> <span class='ocrx_word' id='word_1_156' title='bbox 789 851 854 879; x_wconf 84' lang='lat' dir='ltr'>licet</span> <span class='ocrx_word' id='word_1_157' title='bbox 875 851 1048 887; x_wconf 84' lang='lat' dir='ltr'>ignoraverit</span> <span class='ocrx_word' id='word_1_158' title='bbox 1068 858 1181 886; x_wconf 80' lang='lat' dir='ltr'>partum</span> <span class='ocrx_word' id='word_1_159' title='bbox 1207 860 1269 880; x_wconf 86' lang='lat' dir='ltr'>esse</span> <span class='ocrx_word' id='word_1_160' title='bbox 1290 851 1328 879; x_wconf 87' lang='lat' dir='ltr'>rei</span> <span class='ocrx_word' id='word_1_161' title='bbox 1350 850 1490 886; x_wconf 76' lang='lat' dir='ltr'>furtivae3</span> <span class='ocrx_word' id='word_1_162' title='bbox 1521 850 1588 886; x_wconf 78' lang='lat' dir='ltr'>quia</span> <span class='ocrx_word' id='word_1_163' title='bbox 1612 850 1642 878; x_wconf 86' lang='lat' dir='ltr'>in</span> <span class='ocrx_word' id='word_1_164' title='bbox 1663 857 1749 879; x_wconf 87' lang='lat' dir='ltr'>omne</span> 
     </span>
     <span class='ocr_line' id='line_1_15' title="bbox 237 900 1749 939; baseline 0.001 -11"><span class='ocrx_word' id='word_1_165' title='bbox 237 901 287 938; x_wconf 87' lang='lat' dir='ltr'>jus</span> <span class='ocrx_word' id='word_1_166' title='bbox 309 900 438 929; x_wconf 84' lang='lat' dir='ltr'>defuncti</span> <span class='ocrx_word' id='word_1_167' title='bbox 461 902 604 936; x_wconf 84' lang='lat' dir='ltr'>succedit,</span> <span class='ocrx_word' id='word_1_168' title='bbox 626 902 656 930; x_wconf 89' lang='lat' dir='ltr'>id</span> <span class='ocrx_word' id='word_1_169' title='bbox 678 909 736 938; x_wconf 81' lang='lat' dir='ltr'>est,</span> <span class='ocrx_word' id='word_1_170' title='bbox 758 902 787 930; x_wconf 91' lang='lat' dir='ltr'>in</span> <span class='ocrx_word' id='word_1_171' title='bbox 811 901 905 930; x_wconf 87' lang='lat' dir='ltr'>omnia</span> <span class='ocrx_word' id='word_1_172' title='bbox 927 903 989 939; x_wconf 88' lang='lat' dir='ltr'>ejus</span> <span class='ocrx_word' id='word_1_173' title='bbox 1011 904 1162 931; x_wconf 84' lang='lat' dir='ltr'>commoda</span> <span class='ocrx_word' id='word_1_174' title='bbox 1187 909 1214 931; x_wconf 91' lang='lat' dir='ltr'>et</span> <span class='ocrx_word' id='word_1_175' title='bbox 1234 903 1427 932; x_wconf 86' lang='lat' dir='ltr'>incommoda.</span> <span class='ocrx_word' id='word_1_176' title='bbox 1469 902 1545 931; x_wconf 85' lang='lat' dir='ltr'>Cum</span> <span class='ocrx_word' id='word_1_177' title='bbox 1567 910 1634 939; x_wconf 83' lang='lat' dir='ltr'>ergo</span> <span class='ocrx_word' id='word_1_178' title='bbox 1647 901 1749 930; x_wconf 89' lang='lat' dir='ltr'>defun-</span> 
     </span>
     <span class='ocr_line' id='line_1_16' title="bbox 240 951 1753 989; baseline 0 -10"><span class='ocrx_word' id='word_1_179' title='bbox 240 957 307 979; x_wconf 84' lang='lat' dir='ltr'>ctus</span> <span class='ocrx_word' id='word_1_180' title='bbox 332 959 486 988; x_wconf 85' lang='lat' dir='ltr'>usucapere</span> <span class='ocrx_word' id='word_1_181' title='bbox 504 961 564 981; x_wconf 90' lang='lat' dir='ltr'>non</span> <span class='ocrx_word' id='word_1_182' title='bbox 586 960 713 989; x_wconf 74' lang='lat' dir='ltr'>poterat,</span> <span class='ocrx_word' id='word_1_183' title='bbox 734 961 785 981; x_wconf 88' lang='lat' dir='ltr'>nec</span> <span class='ocrx_word' id='word_1_184' title='bbox 801 953 880 981; x_wconf 88' lang='lat' dir='ltr'>heres</span> <span class='ocrx_word' id='word_1_185' title='bbox 901 959 1009 989; x_wconf 82' lang='lat' dir='ltr'>potest.</span> <span class='ocrx_word' id='word_1_186' title='bbox 1048 954 1124 982; x_wconf 87' lang='lat' dir='ltr'>Idem</span> <span class='ocrx_word' id='word_1_187' title='bbox 1148 954 1298 983; x_wconf 89' lang='lat' dir='ltr'>dicendum</span> <span class='ocrx_word' id='word_1_188' title='bbox 1321 955 1355 983; x_wconf 89' lang='lat' dir='ltr'>de</span> <span class='ocrx_word' id='word_1_189' title='bbox 1378 954 1408 982; x_wconf 91' lang='lat' dir='ltr'>b.</span> <span class='ocrx_word' id='word_1_190' title='bbox 1427 954 1450 982; x_wconf 86' lang='lat' dir='ltr'>f.</span> <span class='ocrx_word' id='word_1_191' title='bbox 1467 953 1605 987; x_wconf 89' lang='lat' dir='ltr'>Emtore,</span> <span class='ocrx_word' id='word_1_192' title='bbox 1628 951 1753 988; x_wconf 79' lang='lat' dir='ltr'>quinon</span> 
     </span>
     <span class='ocr_line' id='line_1_17' title="bbox 234 1002 1755 1042; baseline 0 -12"><span class='ocrx_word' id='word_1_193' title='bbox 234 1002 392 1038; x_wconf 67' lang='lat' dir='ltr'>usucapit,</span> <span class='ocrx_word' id='word_1_194' title='bbox 414 1003 439 1031; x_wconf 82' lang='lat' dir='ltr'>si</span> <span class='ocrx_word' id='word_1_195' title='bbox 463 1003 566 1032; x_wconf 88' lang='lat' dir='ltr'>ancilla</span> <span class='ocrx_word' id='word_1_196' title='bbox 599 1004 746 1040; x_wconf 83' lang='lat' dir='ltr'>concipiat</span> <span class='ocrx_word' id='word_1_197' title='bbox 764 1005 840 1040; x_wconf 88' lang='lat' dir='ltr'>apud</span> <span class='ocrx_word' id='word_1_198' title='bbox 863 1004 966 1032; x_wconf 85' lang='lat' dir='ltr'>Furem</span> <span class='ocrx_word' id='word_1_199' title='bbox 984 1005 1082 1041; x_wconf 84' lang='lat' dir='ltr'>ejusve</span> <span class='ocrx_word' id='word_1_200' title='bbox 1096 1006 1243 1042; x_wconf 85' lang='lat' dir='ltr'>heredem,</span> <span class='ocrx_word' id='word_1_201' title='bbox 1263 1006 1340 1042; x_wconf 85' lang='lat' dir='ltr'>apud</span> <span class='ocrx_word' id='word_1_202' title='bbox 1360 1014 1390 1034; x_wconf 91' lang='lat' dir='ltr'>se</span> <span class='ocrx_word' id='word_1_203' title='bbox 1413 1005 1523 1042; x_wconf 76' lang='lat' dir='ltr'>pariat3</span> <span class='ocrx_word' id='word_1_204' title='bbox 1545 1005 1571 1033; x_wconf 88' lang='lat' dir='ltr'>si</span> <span class='ocrx_word' id='word_1_205' title='bbox 1594 1011 1662 1033; x_wconf 81' lang='lat' dir='ltr'>vero</span> <span class='ocrx_word' id='word_1_206' title='bbox 1685 1009 1755 1031; x_wconf 88' lang='lat' dir='ltr'>con·</span> 
     </span>
     <span class='ocr_line' id='line_1_18' title="bbox 234 1052 1753 1096; baseline 0 -15"><span class='ocrx_word' id='word_1_207' title='bbox 234 1053 329 1089; x_wconf 69' lang='lat' dir='ltr'>cipiat</span> <span class='ocrx_word' id='word_1_208' title='bbox 350 1059 378 1082; x_wconf 89' lang='lat' dir='ltr'>et</span> <span class='ocrx_word' id='word_1_209' title='bbox 396 1060 498 1090; x_wconf 82' lang='lat' dir='ltr'>partus</span> <span class='ocrx_word' id='word_1_210' title='bbox 520 1054 613 1084; x_wconf 84' lang='lat' dir='ltr'>editus</span> <span class='ocrx_word' id='word_1_211' title='bbox 636 1055 722 1084; x_wconf 89' lang='lat' dir='ltr'>fuerit</span> <span class='ocrx_word' id='word_1_212' title='bbox 745 1056 822 1091; x_wconf 89' lang='lat' dir='ltr'>apud</span> <span class='ocrx_word' id='word_1_213' title='bbox 845 1063 890 1091; x_wconf 81' lang='lat' dir='ltr'>se,</span> <span class='ocrx_word' id='word_1_214' title='bbox 914 1057 1065 1093; x_wconf 85' lang='lat' dir='ltr'>usucapiet</span> <span class='ocrx_word' id='word_1_215' title='bbox 1085 1064 1142 1095; x_wconf 85' lang='lat' dir='ltr'>pro</span> <span class='ocrx_word' id='word_1_216' title='bbox 1166 1067 1226 1086; x_wconf 74' lang='lat' dir='ltr'>suo.</span> <span class='ocrx_word' id='word_1_217' title='bbox 1268 1056 1298 1085; x_wconf 87' lang='lat' dir='ltr'>Si</span> <span class='ocrx_word' id='word_1_218' title='bbox 1316 1057 1462 1093; x_wconf 84' lang='lat' dir='ltr'>concipiat</span> <span class='ocrx_word' id='word_1_219' title='bbox 1482 1056 1560 1096; x_wconf 72' lang='lat' dir='ltr'>apud</span> <span class='ocrx_word' id='word_1_220' title='bbox 1581 1063 1612 1084; x_wconf 87' lang='lat' dir='ltr'>se</span> <span class='ocrx_word' id='word_1_221' title='bbox 1628 1061 1657 1083; x_wconf 89' lang='lat' dir='ltr'>et</span> <span class='ocrx_word' id='word_1_222' title='bbox 1674 1052 1753 1090; x_wconf 83' lang='lat' dir='ltr'>apud</span> 
     </span>
     <span class='ocr_line' id='line_1_19' title="bbox 232 1105 1758 1145; baseline 0.002 -13"><span class='ocrx_word' id='word_1_223' title='bbox 232 1105 360 1133; x_wconf 74' lang='lat' dir='ltr'>&#39;alterum</span> <span class='ocrx_word' id='word_1_224' title='bbox 381 1105 491 1142; x_wconf 85' lang='lat' dir='ltr'>pariat,</span> <span class='ocrx_word' id='word_1_225' title='bbox 513 1113 582 1135; x_wconf 84' lang='lat' dir='ltr'>tunc</span> <span class='ocrx_word' id='word_1_226' title='bbox 605 1107 635 1135; x_wconf 90' lang='lat' dir='ltr'>b.</span> <span class='ocrx_word' id='word_1_227' title='bbox 659 1107 682 1135; x_wconf 90' lang='lat' dir='ltr'>f.</span> <span class='ocrx_word' id='word_1_228' title='bbox 709 1107 812 1135; x_wconf 90' lang='lat' dir='ltr'>Emtor</span> <span class='ocrx_word' id='word_1_229' title='bbox 832 1106 949 1136; x_wconf 81' lang='lat' dir='ltr'>habebit</span> <span class='ocrx_word' id='word_1_230' title='bbox 966 1108 1160 1137; x_wconf 87' lang='lat' dir='ltr'>Publicianam</span> <span class='ocrx_word' id='word_1_231' title='bbox 1183 1110 1218 1137; x_wconf 88' lang='lat' dir='ltr'>ad</span> <span class='ocrx_word' id='word_1_232' title='bbox 1241 1108 1461 1145; x_wconf 82' lang='lat' dir='ltr'>recuperandam</span> <span class='ocrx_word' id='word_1_233' title='bbox 1485 1107 1617 1141; x_wconf 85' lang='lat' dir='ltr'>amissam</span> <span class='ocrx_word' id='word_1_234' title='bbox 1641 1111 1758 1142; x_wconf 64' lang='lat' dir='ltr'>posses-</span> 
     </span>
     <span class='ocr_line' id='line_1_20' title="bbox 231 1156 1756 1197; baseline -0.001 -12"><span class='ocrx_word' id='word_1_235' title='bbox 231 1156 371 1193; x_wconf 60' lang='lat' dir='ltr'>*sione&#39;m3</span> <span class='ocrx_word' id='word_1_236' title='bbox 395 1158 474 1193; x_wconf 88' lang='lat' dir='ltr'>quod</span> <span class='ocrx_word' id='word_1_237' title='bbox 494 1158 638 1195; x_wconf 83' lang='lat' dir='ltr'>significat</span> <span class='ocrx_word' id='word_1_238' title='bbox 654 1158 750 1196; x_wconf 79' lang='lat' dir='ltr'>thus</span> <span class='ocrx_word' id='word_1_239' title='bbox 771 1158 865 1187; x_wconf 90' lang='lat' dir='ltr'>verbis</span> <span class='ocrx_word' id='word_1_240' title='bbox 881 1166 1023 1196; x_wconf 82' lang='lat' dir='ltr'>possessus</span> <span class='ocrx_word' id='word_1_241' title='bbox 1039 1169 1094 1188; x_wconf 82' lang='lat' dir='ltr'>non</span> <span class='ocrx_word' id='word_1_242' title='bbox 1114 1166 1173 1195; x_wconf 80' lang='lat' dir='ltr'>est,</span> <span class='ocrx_word' id='word_1_243' title='bbox 1194 1160 1224 1189; x_wconf 86' lang='lat' dir='ltr'>id</span> <span class='ocrx_word' id='word_1_244' title='bbox 1240 1167 1299 1196; x_wconf 86' lang='lat' dir='ltr'>est,</span> <span class='ocrx_word' id='word_1_245' title='bbox 1321 1160 1389 1189; x_wconf 88' lang='lat' dir='ltr'>licet</span> <span class='ocrx_word' id='word_1_246' title='bbox 1409 1160 1486 1197; x_wconf 85' lang='lat' dir='ltr'>apud</span> <span class='ocrx_word' id='word_1_247' title='bbox 1506 1159 1537 1187; x_wconf 94' lang='lat' dir='ltr'>b.</span> <span class='ocrx_word' id='word_1_248' title='bbox 1556 1158 1578 1187; x_wconf 88' lang='lat' dir='ltr'>f.</span> <span class='ocrx_word' id='word_1_249' title='bbox 1604 1158 1756 1193; x_wconf 69' lang='lat' dir='ltr'>Emtorem.</span> 
     </span>
     <span class='ocr_line' id='line_1_21' title="bbox 231 1207 1754 1248; baseline -0.001 -13"><span class='ocrx_word' id='word_1_250' title='bbox 231 1207 334 1236; x_wconf 57' lang='lat' dir='ltr'>editus</span> <span class='ocrx_word' id='word_1_251' title='bbox 358 1216 418 1238; x_wconf 90' lang='lat' dir='ltr'>non</span> <span class='ocrx_word' id='word_1_252' title='bbox 441 1210 480 1238; x_wconf 91' lang='lat' dir='ltr'>sit</span> <span class='ocrx_word' id='word_1_253' title='bbox 501 1216 622 1246; x_wconf 86' lang='lat' dir='ltr'>partus,</span> <span class='ocrx_word' id='word_1_254' title='bbox 645 1212 732 1240; x_wconf 88' lang='lat' dir='ltr'>modo</span> <span class='ocrx_word' id='word_1_255' title='bbox 755 1210 856 1240; x_wconf 84' lang='lat' dir='ltr'>ancilla</span> <span class='ocrx_word' id='word_1_256' title='bbox 873 1212 950 1247; x_wconf 86' lang='lat' dir='ltr'>apud</span> <span class='ocrx_word' id='word_1_257' title='bbox 971 1219 1035 1239; x_wconf 88' lang='lat' dir='ltr'>eum</span> <span class='ocrx_word' id='word_1_258' title='bbox 1056 1211 1214 1248; x_wconf 85' lang='lat' dir='ltr'>concipiat.</span> <span class='ocrx_word' id='word_1_259' title='bbox 1259 1212 1299 1240; x_wconf 90' lang='lat' dir='ltr'>Et</span> <span class='ocrx_word' id='word_1_260' title='bbox 1322 1212 1401 1247; x_wconf 90' lang='lat' dir='ltr'>quod</span> <span class='ocrx_word' id='word_1_261' title='bbox 1424 1218 1522 1239; x_wconf 89' lang='lat' dir='ltr'>verum</span> <span class='ocrx_word' id='word_1_262' title='bbox 1545 1216 1589 1239; x_wconf 87' lang='lat' dir='ltr'>est</span> <span class='ocrx_word' id='word_1_263' title='bbox 1611 1209 1641 1238; x_wconf 88' lang='lat' dir='ltr'>in</span> <span class='ocrx_word' id='word_1_264' title='bbox 1667 1207 1754 1236; x_wconf 84' lang='lat' dir='ltr'>titulo</span> 
     </span>
     <span class='ocr_line' id='line_1_22' title="bbox 230 1259 1755 1299; baseline -0.001 -13"><span class='ocrx_word' id='word_1_265' title='bbox 230 1265 383 1294; x_wconf 52' lang='lat' dir='ltr'>oneroso,</span> <span class='ocrx_word' id='word_1_266' title='bbox 404 1261 449 1288; x_wconf 91' lang='lat' dir='ltr'>uti</span> <span class='ocrx_word' id='word_1_267' title='bbox 470 1261 499 1289; x_wconf 91' lang='lat' dir='ltr'>in</span> <span class='ocrx_word' id='word_1_268' title='bbox 520 1262 657 1291; x_wconf 88' lang='lat' dir='ltr'>Emtione</span> <span class='ocrx_word' id='word_1_269' title='bbox 681 1262 874 1299; x_wconf 85' lang='lat' dir='ltr'>Venditione,</span> <span class='ocrx_word' id='word_1_270' title='bbox 899 1263 982 1292; x_wconf 84' lang='lat' dir='ltr'>etiam</span> <span class='ocrx_word' id='word_1_271' title='bbox 1003 1270 1103 1292; x_wconf 85' lang='lat' dir='ltr'>verum</span> <span class='ocrx_word' id='word_1_272' title='bbox 1127 1269 1171 1292; x_wconf 88' lang='lat' dir='ltr'>est</span> <span class='ocrx_word' id='word_1_273' title='bbox 1194 1263 1226 1292; x_wconf 84' lang='lat' dir='ltr'>in</span> <span class='ocrx_word' id='word_1_274' title='bbox 1250 1263 1339 1292; x_wconf 89' lang='lat' dir='ltr'>titulo</span> <span class='ocrx_word' id='word_1_275' title='bbox 1363 1262 1523 1297; x_wconf 84' lang='lat' dir='ltr'>lucrativo,</span> <span class='ocrx_word' id='word_1_276' title='bbox 1542 1259 1640 1298; x_wconf 67' lang='lat' dir='ltr'>{veluti</span> <span class='ocrx_word' id='word_1_277' title='bbox 1656 1259 1755 1287; x_wconf 79' lang='lat' dir='ltr'>Dona-</span> 
     </span>
     <span class='ocr_line' id='line_1_23' title="bbox 237 1309 1755 1352; baseline 0.001 -15"><span class='ocrx_word' id='word_1_278' title='bbox 237 1309 336 1345; x_wconf 73' lang='lat' dir='ltr'>tione,</span> <span class='ocrx_word' id='word_1_279' title='bbox 357 1311 401 1339; x_wconf 88' lang='lat' dir='ltr'>uti</span> <span class='ocrx_word' id='word_1_280' title='bbox 421 1318 499 1348; x_wconf 90' lang='lat' dir='ltr'>patet</span> <span class='ocrx_word' id='word_1_281' title='bbox 518 1321 552 1342; x_wconf 84' lang='lat' dir='ltr'>ex</span> <span class='ocrx_word' id='word_1_282' title='bbox 570 1322 630 1350; x_wconf 86' lang='lat' dir='ltr'>seq.</span> <span class='ocrx_word' id='word_1_283' title='bbox 652 1315 682 1350; x_wconf 74' lang='lat'>§-</span> <span class='ocrx_word' id='word_1_284' title='bbox 704 1322 731 1350; x_wconf 80' lang='grc'>3.</span> <span class='ocrx_word' id='word_1_285' title='bbox 779 1314 824 1342; x_wconf 89' lang='lat' dir='ltr'>De</span> <span class='ocrx_word' id='word_1_286' title='bbox 845 1315 897 1343; x_wconf 89' lang='lat' dir='ltr'>hae</span> <span class='ocrx_word' id='word_1_287' title='bbox 918 1316 947 1351; x_wconf 79' lang='lat'>§.</span> <span class='ocrx_word' id='word_1_288' title='bbox 969 1316 1026 1352; x_wconf 86' lang='lat' dir='ltr'>jam</span> <span class='ocrx_word' id='word_1_289' title='bbox 1047 1324 1135 1352; x_wconf 85' lang='lat' dir='ltr'>supra</span> <span class='ocrx_word' id='word_1_290' title='bbox 1155 1316 1287 1352; x_wconf 77' lang='lat' dir='ltr'>egimus,</span> <span class='ocrx_word' id='word_1_291' title='bbox 1316 1321 1435 1349; x_wconf 91' lang='lat' dir='ltr'>eamque</span> <span class='ocrx_word' id='word_1_292' title='bbox 1458 1312 1608 1341; x_wconf 80' lang='lat' dir='ltr'>attulimus</span> <span class='ocrx_word' id='word_1_293' title='bbox 1635 1310 1670 1338; x_wconf 87' lang='lat' dir='ltr'>ad</span> <span class='ocrx_word' id='word_1_294' title='bbox 1687 1316 1755 1344; x_wconf 86' lang='lat' dir='ltr'>pro-</span> 
     </span>
     <span class='ocr_line' id='line_1_24' title="bbox 229 1352 1755 1395; baseline 0.005 -8"><span class='ocrx_word' id='word_1_295' title='bbox 229 1359 359 1389; x_wconf 70' lang='lat' dir='ltr'>·bandam</span> <span class='ocrx_word' id='word_1_296' title='bbox 384 1362 543 1391; x_wconf 86' lang='lat' dir='ltr'>doctrinam</span> <span class='ocrx_word' id='word_1_297' title='bbox 563 1362 598 1392; x_wconf 76' lang='lat' dir='ltr'>de</span> <span class='ocrx_word' id='word_1_298' title='bbox 619 1365 650 1391; x_wconf 90' lang='lat' dir='ltr'>b.</span> <span class='ocrx_word' id='word_1_299' title='bbox 672 1365 697 1392; x_wconf 93' lang='lat' dir='ltr'>f.</span> <span class='ocrx_word' id='word_1_300' title='bbox 711 1365 805 1394; x_wconf 50' lang='lat' dir='ltr'>&gt;etiam</span> <span class='ocrx_word' id='word_1_301' title='bbox 832 1372 960 1395; x_wconf 74' lang='lat' dir='ltr'>tempore</span> <span class='ocrx_word' id='word_1_302' title='bbox 984 1366 1175 1393; x_wconf 69' lang='lat' dir='ltr'>instiruffindae</span> <span class='ocrx_word' id='word_1_303' title='bbox 1192 1366 1374 1394; x_wconf 74' lang='lat' dir='ltr'>Publicianae</span> <span class='ocrx_word' id='word_1_304' title='bbox 1394 1361 1565 1395; x_wconf 70' lang='lat' dir='ltr'>necessaria·</span> <span class='ocrx_word' id='word_1_305' title='bbox 1596 1352 1755 1388; x_wconf 23' lang='lat' dir='ltr'>&#39;Nonmssla</span> 
     </span>
     <span class='ocr_line' id='line_1_25' title="bbox 238 1408 1756 1447; baseline 0.001 -11"><span class='ocrx_word' id='word_1_306' title='bbox 238 1413 332 1436; x_wconf 83' lang='lat' dir='ltr'>autem</span> <span class='ocrx_word' id='word_1_307' title='bbox 356 1411 449 1436; x_wconf 82' lang='lat' dir='ltr'>adnue</span> <span class='ocrx_word' id='word_1_308' title='bbox 473 1413 664 1442; x_wconf 79' lang='lat' dir='ltr'>explicatione</span> <span class='ocrx_word' id='word_1_309' title='bbox 688 1413 836 1443; x_wconf 65' lang='lat' dir='ltr'>mergent,</span> <span class='ocrx_word' id='word_1_310' title='bbox 865 1417 881 1435; x_wconf 89' lang='lat' dir='ltr'>a</span> <span class='ocrx_word' id='word_1_311' title='bbox 904 1408 991 1436; x_wconf 88' lang='lat' dir='ltr'>nobis</span> <span class='ocrx_word' id='word_1_312' title='bbox 1013 1410 1090 1438; x_wconf 86' lang='lat' dir='ltr'>haud</span> <span class='ocrx_word' id='word_1_313' title='bbox 1109 1413 1321 1446; x_wconf 84' lang='lat' dir='ltr'>praetereunda.</span> <span class='ocrx_word' id='word_1_314' title='bbox 1370 1413 1500 1442; x_wconf 75' lang='lat' dir='ltr'>Docetur</span> <span class='ocrx_word' id='word_1_315' title='bbox 1521 1412 1551 1440; x_wconf 81' lang='lat' dir='ltr'>in</span> <span class='ocrx_word' id='word_1_316' title='bbox 1579 1411 1631 1439; x_wconf 84' lang='lat' dir='ltr'>hac</span> <span class='ocrx_word' id='word_1_317' title='bbox 1653 1412 1683 1447; x_wconf 80' lang='lat'>§.-</span> <span class='ocrx_word' id='word_1_318' title='bbox 1706 1410 1756 1438; x_wconf 88' lang='lat' dir='ltr'>do-</span> 
     </span>
    </p>
   </div>
   <div class='ocr_carea' id='block_1_3' title="bbox 210 1453 1758 1949">
    <p class='ocr_par' dir='ltr' id='par_1_4' title="bbox 210 1453 1758 1908">
     <span class='ocr_line' id='line_1_26' title="bbox 230 1453 1758 1500; baseline 0 -13"><span class='ocrx_word' id='word_1_319' title='bbox 230 1453 348 1488; x_wconf 66' lang='lat' dir='ltr'>-iiatario</span> <span class='ocrx_word' id='word_1_320' title='bbox 371 1463 531 1493; x_wconf 88' lang='lat' dir='ltr'>competere</span> <span class='ocrx_word' id='word_1_321' title='bbox 556 1457 752 1486; x_wconf 82' lang='lat' dir='ltr'>PublicIanam</span> <span class='ocrx_word' id='word_1_322' title='bbox 783 1459 817 1486; x_wconf 86' lang='lat' dir='ltr'>de</span> <span class='ocrx_word' id='word_1_323' title='bbox 841 1465 927 1495; x_wconf 76' lang='lat' dir='ltr'>partu</span> <span class='ocrx_word' id='word_1_324' title='bbox 950 1460 1054 1488; x_wconf 84' lang='lat' dir='ltr'>matris</span> <span class='ocrx_word' id='word_1_325' title='bbox 1083 1459 1228 1498; x_wconf 77' lang='lat' dir='ltr'>furtivae,</span> <span class='ocrx_word' id='word_1_326' title='bbox 1254 1464 1341 1493; x_wconf 82' lang='lat' dir='ltr'>modo</span> <span class='ocrx_word' id='word_1_327' title='bbox 1365 1465 1442 1500; x_wconf 86' lang='lat' dir='ltr'>apud</span> <span class='ocrx_word' id='word_1_328' title='bbox 1462 1467 1534 1500; x_wconf 72' lang='lat' dir='ltr'>[eum</span> <span class='ocrx_word' id='word_1_329' title='bbox 1560 1461 1705 1497; x_wconf 86' lang='lat' dir='ltr'>concipiat</span> <span class='ocrx_word' id='word_1_330' title='bbox 1727 1465 1758 1488; x_wconf 88' lang='lat' dir='ltr'>et</span> 
     </span>
     <span class='ocr_line' id='line_1_27' title="bbox 229 1508 1757 1551; baseline 0.001 -14"><span class='ocrx_word' id='word_1_331' title='bbox 229 1509 331 1545; x_wconf 79' lang='lat' dir='ltr'>-pariat</span> <span class='ocrx_word' id='word_1_332' title='bbox 356 1515 462 1543; x_wconf 83' lang='lat' dir='ltr'>mater;</span> <span class='ocrx_word' id='word_1_333' title='bbox 502 1508 558 1538; x_wconf 90' lang='lat' dir='ltr'>hoe</span> <span class='ocrx_word' id='word_1_334' title='bbox 596 1509 653 1546; x_wconf 82' lang='lat' dir='ltr'>jam</span> <span class='ocrx_word' id='word_1_335' title='bbox 682 1509 823 1545; x_wconf 89' lang='lat' dir='ltr'>superiori</span> <span class='ocrx_word' id='word_1_336' title='bbox 849 1511 877 1546; x_wconf 84' lang='lat'>§.</span> <span class='ocrx_word' id='word_1_337' title='bbox 908 1510 1043 1539; x_wconf 86' lang='lat' dir='ltr'>docuerat</span> <span class='ocrx_word' id='word_1_338' title='bbox 1067 1512 1162 1549; x_wconf 87' lang='lat' dir='ltr'>JCtus</span> <span class='ocrx_word' id='word_1_339' title='bbox 1189 1514 1223 1542; x_wconf 90' lang='lat' dir='ltr'>de</span> <span class='ocrx_word' id='word_1_340' title='bbox 1250 1515 1389 1551; x_wconf 79' lang='lat' dir='ltr'>Emtore3</span> <span class='ocrx_word' id='word_1_341' title='bbox 1418 1521 1445 1543; x_wconf 81' lang='lat' dir='ltr'>et</span> <span class='ocrx_word' id='word_1_342' title='bbox 1475 1522 1541 1544; x_wconf 81' lang='lat' dir='ltr'>cum</span> <span class='ocrx_word' id='word_1_343' title='bbox 1571 1511 1689 1541; x_wconf 85' lang='lat' dir='ltr'>donatio</span> <span class='ocrx_word' id='word_1_344' title='bbox 1713 1510 1757 1539; x_wconf 77' lang='lat' dir='ltr'>‘sit</span> 
     </span>
     <span class='ocr_line' id='line_1_28' title="bbox 230 1560 1755 1602; baseline 0.004 -14"><span class='ocrx_word' id='word_1_345' title='bbox 230 1568 329 1596; x_wconf 46' lang='lat' dir='ltr'>raeque</span> <span class='ocrx_word' id='word_1_346' title='bbox 357 1561 437 1597; x_wconf 82' lang='lat' dir='ltr'>justa</span> <span class='ocrx_word' id='word_1_347' title='bbox 467 1560 635 1596; x_wconf 84' lang='lat' dir='ltr'>acquirendi</span> <span class='ocrx_word' id='word_1_348' title='bbox 665 1560 796 1590; x_wconf 81' lang='lat' dir='ltr'>Dominii</span> <span class='ocrx_word' id='word_1_349' title='bbox 826 1570 913 1590; x_wconf 84' lang='lat' dir='ltr'>causa</span> <span class='ocrx_word' id='word_1_350' title='bbox 948 1570 980 1590; x_wconf 93' lang='lat' dir='ltr'>ac</span> <span class='ocrx_word' id='word_1_351' title='bbox 1011 1563 1112 1592; x_wconf 86' lang='lat' dir='ltr'>Emtio</span> <span class='ocrx_word' id='word_1_352' title='bbox 1140 1564 1302 1602; x_wconf 88' lang='lat' dir='ltr'>Venditio,</span> <span class='ocrx_word' id='word_1_353' title='bbox 1329 1574 1389 1595; x_wconf 89' lang='lat' dir='ltr'>non</span> <span class='ocrx_word' id='word_1_354' title='bbox 1419 1564 1570 1594; x_wconf 76' lang='lat' dir='ltr'>haesitavit</span> <span class='ocrx_word' id='word_1_355' title='bbox 1601 1564 1694 1594; x_wconf 81' lang='lat' dir='ltr'>eadem</span> <span class='ocrx_word' id='word_1_356' title='bbox 1719 1561 1755 1594; x_wconf 75' lang='lat' dir='ltr'>de</span> 
     </span>
     <span class='ocr_line' id='line_1_29' title="bbox 229 1611 1755 1653; baseline 0.001 -13"><span class='ocrx_word' id='word_1_357' title='bbox 229 1611 292 1640; x_wconf 73' lang='lat' dir='ltr'>2illa</span> <span class='ocrx_word' id='word_1_358' title='bbox 310 1611 460 1648; x_wconf 81' lang='lat' dir='ltr'>affirmare,</span> <span class='ocrx_word' id='word_1_359' title='bbox 482 1620 553 1647; x_wconf 83' lang='lat' dir='ltr'>quae</span> <span class='ocrx_word' id='word_1_360' title='bbox 570 1612 605 1641; x_wconf 83' lang='lat' dir='ltr'>de</span> <span class='ocrx_word' id='word_1_361' title='bbox 625 1611 761 1641; x_wconf 89' lang='lat' dir='ltr'>Emtione</span> <span class='ocrx_word' id='word_1_362' title='bbox 782 1612 955 1642; x_wconf 83' lang='lat' dir='ltr'>Venditione</span> <span class='ocrx_word' id='word_1_363' title='bbox 977 1614 1139 1644; x_wconf 85' lang='lat' dir='ltr'>tradiderat.</span> <span class='ocrx_word' id='word_1_364' title='bbox 1181 1616 1273 1653; x_wconf 85' lang='lat' dir='ltr'>Igitur</span> <span class='ocrx_word' id='word_1_365' title='bbox 1298 1618 1457 1647; x_wconf 78' lang='lat' dir='ltr'>secundum</span> <span class='ocrx_word' id='word_1_366' title='bbox 1476 1622 1598 1645; x_wconf 82' lang='lat' dir='ltr'>mentem</span> <span class='ocrx_word' id='word_1_367' title='bbox 1612 1614 1685 1652; x_wconf 78' lang='lat' dir='ltr'>JCti</span> <span class='ocrx_word' id='word_1_368' title='bbox 1707 1620 1755 1642; x_wconf 87' lang='lat' dir='ltr'>ve-</span> 
     </span>
     <span class='ocr_line' id='line_1_30' title="bbox 210 1660 1754 1706; baseline 0.006 -15"><span class='ocrx_word' id='word_1_369' title='bbox 210 1660 305 1691; x_wconf 60' lang='lat' dir='ltr'>srum</span> <span class='ocrx_word' id='word_1_370' title='bbox 331 1670 393 1699; x_wconf 84' lang='lat' dir='ltr'>est,</span> <span class='ocrx_word' id='word_1_371' title='bbox 420 1663 599 1693; x_wconf 87' lang='lat' dir='ltr'>donatarium</span> <span class='ocrx_word' id='word_1_372' title='bbox 624 1664 726 1693; x_wconf 86' lang='lat' dir='ltr'>habere</span> <span class='ocrx_word' id='word_1_373' title='bbox 745 1664 958 1700; x_wconf 76' lang='lat' dir='ltr'>Publicianam,</span> <span class='ocrx_word' id='word_1_374' title='bbox 989 1667 1058 1695; x_wconf 89' lang='lat' dir='ltr'>licet</span> <span class='ocrx_word' id='word_1_375' title='bbox 1080 1666 1187 1696; x_wconf 80' lang='lat' dir='ltr'>furtiva</span> <span class='ocrx_word' id='word_1_376' title='bbox 1217 1676 1304 1697; x_wconf 87' lang='lat' dir='ltr'>mater</span> <span class='ocrx_word' id='word_1_377' title='bbox 1323 1670 1400 1706; x_wconf 86' lang='lat' dir='ltr'>apud</span> <span class='ocrx_word' id='word_1_378' title='bbox 1427 1677 1492 1697; x_wconf 90' lang='lat' dir='ltr'>eum</span> <span class='ocrx_word' id='word_1_379' title='bbox 1512 1675 1572 1696; x_wconf 84' lang='lat' dir='ltr'>non</span> <span class='ocrx_word' id='word_1_380' title='bbox 1595 1662 1754 1702; x_wconf 77' lang='lat' dir='ltr'>pepererit,</span> 
     </span>
     <span class='ocr_line' id='line_1_31' title="bbox 230 1713 1755 1754; baseline 0.003 -10"><span class='ocrx_word' id='word_1_381' title='bbox 230 1714 399 1744; x_wconf 81' lang='lat' dir='ltr'>¹dumrnodo</span> <span class='ocrx_word' id='word_1_382' title='bbox 424 1716 501 1751; x_wconf 79' lang='lat' dir='ltr'>apud</span> <span class='ocrx_word' id='word_1_383' title='bbox 521 1724 584 1744; x_wconf 87' lang='lat' dir='ltr'>eum</span> <span class='ocrx_word' id='word_1_384' title='bbox 605 1717 781 1752; x_wconf 75' lang='lat' dir='ltr'>conceperit.</span> <span class='ocrx_word' id='word_1_385' title='bbox 831 1716 886 1746; x_wconf 87' lang='lat' dir='ltr'>Sed</span> <span class='ocrx_word' id='word_1_386' title='bbox 908 1717 979 1752; x_wconf 84' lang='lat' dir='ltr'>quid</span> <span class='ocrx_word' id='word_1_387' title='bbox 999 1718 1095 1754; x_wconf 69' lang='lat' dir='ltr'>Juris,</span> <span class='ocrx_word' id='word_1_388' title='bbox 1131 1719 1157 1747; x_wconf 87' lang='lat' dir='ltr'>si</span> <span class='ocrx_word' id='word_1_389' title='bbox 1180 1719 1244 1749; x_wconf 83' lang='lat' dir='ltr'>talis</span> <span class='ocrx_word' id='word_1_390' title='bbox 1276 1721 1307 1750; x_wconf 85' lang='lat' dir='ltr'>b.</span> <span class='ocrx_word' id='word_1_391' title='bbox 1332 1721 1356 1748; x_wconf 87' lang='lat' dir='ltr'>f.</span> <span class='ocrx_word' id='word_1_392' title='bbox 1385 1721 1489 1749; x_wconf 82' lang='lat' dir='ltr'>Emtor</span> <span class='ocrx_word' id='word_1_393' title='bbox 1515 1722 1566 1744; x_wconf 80' lang='lat' dir='ltr'>aut</span> <span class='ocrx_word' id='word_1_394' title='bbox 1589 1713 1755 1743; x_wconf 82' lang='lat' dir='ltr'>donatarius</span> 
     </span>
     <span class='ocr_line' id='line_1_32' title="bbox 230 1763 1756 1804; baseline 0.005 -13"><span class='ocrx_word' id='word_1_395' title='bbox 230 1763 315 1792; x_wconf 81' lang='lat' dir='ltr'>·int1·a</span> <span class='ocrx_word' id='word_1_396' title='bbox 334 1770 447 1800; x_wconf 83' lang='lat' dir='ltr'>tempus</span> <span class='ocrx_word' id='word_1_397' title='bbox 468 1766 649 1803; x_wconf 82' lang='lat' dir='ltr'>Usucapioni</span> <span class='ocrx_word' id='word_1_398' title='bbox 669 1767 872 1803; x_wconf 82' lang='lat' dir='ltr'>praestitutum</span> <span class='ocrx_word' id='word_1_399' title='bbox 893 1769 1080 1804; x_wconf 83' lang='lat' dir='ltr'>cognoverit,</span> <span class='ocrx_word' id='word_1_400' title='bbox 1101 1776 1217 1798; x_wconf 81' lang='lat' dir='ltr'>matrem</span> <span class='ocrx_word' id='word_1_401' title='bbox 1237 1778 1299 1798; x_wconf 85' lang='lat' dir='ltr'>esse</span> <span class='ocrx_word' id='word_1_402' title='bbox 1315 1768 1472 1798; x_wconf 76' lang='lat' dir='ltr'>furtivam?</span> <span class='ocrx_word' id='word_1_403' title='bbox 1500 1767 1547 1796; x_wconf 90' lang='lat' dir='ltr'>An</span> <span class='ocrx_word' id='word_1_404' title='bbox 1563 1772 1631 1797; x_wconf 81' lang='lat' dir='ltr'>tunc</span> <span class='ocrx_word' id='word_1_405' title='bbox 1654 1773 1756 1801; x_wconf 71' lang='lat' dir='ltr'>proce-</span> 
     </span>
     <span class='ocr_line' id='line_1_33' title="bbox 225 1815 1753 1862; baseline 0.001 -19"><span class='ocrx_word' id='word_1_406' title='bbox 225 1815 291 1862; x_wconf 55' lang='lat' dir='ltr'>3det</span> <span class='ocrx_word' id='word_1_407' title='bbox 309 1822 408 1851; x_wconf 86' lang='lat' dir='ltr'>partus</span> <span class='ocrx_word' id='word_1_408' title='bbox 429 1815 602 1852; x_wconf 84' lang='lat' dir='ltr'>Usucapio?</span> <span class='ocrx_word' id='word_1_409' title='bbox 628 1818 692 1846; x_wconf 93' lang='lat' dir='ltr'>Hoc</span> <span class='ocrx_word' id='word_1_410' title='bbox 715 1819 835 1854; x_wconf 88' lang='lat' dir='ltr'>putabat</span> <span class='ocrx_word' id='word_1_411' title='bbox 854 1818 879 1846; x_wconf 88' lang='lat' dir='ltr'><em>T</em></span> <span class='ocrx_word' id='word_1_412' title='bbox 878 1819 1026 1854; x_wconf 61' lang='lat' dir='ltr'>rebatius,</span> <span class='ocrx_word' id='word_1_413' title='bbox 1047 1820 1095 1848; x_wconf 89' lang='lat' dir='ltr'>cui</span> <span class='ocrx_word' id='word_1_414' title='bbox 1120 1827 1213 1849; x_wconf 85' lang='lat' dir='ltr'>tamen</span> <span class='ocrx_word' id='word_1_415' title='bbox 1234 1829 1294 1850; x_wconf 90' lang='lat' dir='ltr'>non</span> <span class='ocrx_word' id='word_1_416' title='bbox 1314 1829 1365 1857; x_wconf 88' lang='lat' dir='ltr'>per</span> <span class='ocrx_word' id='word_1_417' title='bbox 1386 1819 1482 1849; x_wconf 86' lang='lat' dir='ltr'>omnia</span> <span class='ocrx_word' id='word_1_418' title='bbox 1506 1826 1537 1847; x_wconf 89' lang='lat' dir='ltr'>se</span> <span class='ocrx_word' id='word_1_419' title='bbox 1558 1816 1690 1846; x_wconf 80' lang='lat' dir='ltr'>assentiri</span> <span class='ocrx_word' id='word_1_420' title='bbox 1712 1815 1753 1845; x_wconf 85' lang='lat' dir='ltr'>ait</span> 
     </span>
     <span class='ocr_line' id='line_1_34' title="bbox 244 1858 1752 1908; baseline 0.005 -15"><span class='ocrx_word' id='word_1_421' title='bbox 244 1858 471 1905; x_wconf 53' lang='grc' dir='ltr'>Ῐὸηιῤοὶιιᾎτῂ</span> <span class='ocrx_word' id='word_1_422' title='bbox 496 1868 533 1898; x_wconf 85' lang='lat' dir='ltr'>L.</span> <span class='ocrx_word' id='word_1_423' title='bbox 553 1878 583 1904; x_wconf 89' lang='lat'>4.</span> <span class='ocrx_word' id='word_1_424' title='bbox 600 1868 637 1906; x_wconf 89' lang='lat' dir='ltr'>ff.</span> <span class='ocrx_word' id='word_1_425' title='bbox 654 1877 711 1908; x_wconf 77' lang='lat' dir='ltr'>pro</span> <span class='ocrx_word' id='word_1_426' title='bbox 735 1879 795 1899; x_wconf 71' lang='lat' dir='ltr'>suo.</span> <span class='ocrx_word' id='word_1_427' title='bbox 842 1869 955 1906; x_wconf 87' lang='lat' dir='ltr'>Nempe</span> <span class='ocrx_word' id='word_1_428' title='bbox 979 1870 1018 1898; x_wconf 82' lang='lat' dir='ltr'>ibi</span> <span class='ocrx_word' id='word_1_429' title='bbox 1042 1871 1216 1908; x_wconf 81' lang='lat' dir='ltr'>distinguit,</span> <span class='ocrx_word' id='word_1_430' title='bbox 1246 1880 1280 1900; x_wconf 86' lang='lat' dir='ltr'>an</span> <span class='ocrx_word' id='word_1_431' title='bbox 1307 1872 1372 1902; x_wconf 77' lang='lat' dir='ltr'>talis</span> <span class='ocrx_word' id='word_1_432' title='bbox 1403 1872 1433 1902; x_wconf 88' lang='lat' dir='ltr'>b.</span> <span class='ocrx_word' id='word_1_433' title='bbox 1456 1870 1480 1900; x_wconf 89' lang='lat' dir='ltr'>f.</span> <span class='ocrx_word' id='word_1_434' title='bbox 1502 1869 1608 1902; x_wconf 83' lang='lat' dir='ltr'>Emtor</span> <span class='ocrx_word' id='word_1_435' title='bbox 1633 1867 1752 1898; x_wconf 69' lang='lat' dir='ltr'>ancillae</span> 
     </span>
    </p>

    <p class='ocr_par' dir='ltr' id='par_1_5' title="bbox 1690 1918 1754 1949">
     <span class='ocr_line' id='line_1_35' title="bbox 1690 1918 1754 1949; baseline -0.031 0"><span class='ocrx_word' id='word_1_436' title='bbox 1690 1918 1754 1949; x_wconf 51' lang='lat' dir='ltr'>Du*</span> 
     </span>
    </p>
   </div>
   <div class='ocr_carea' id='block_1_4' title="bbox 270 1983 1370 2019">
    <p class='ocr_par' dir='ltr' id='par_1_6' title="bbox 270 1983 1370 2019">
     <span class='ocr_line' id='line_1_36' title="bbox 270 1983 1370 2019; baseline 0 -7"><span class='ocrx_word' id='word_1_437' title='bbox 270 1983 336 2013; x_wconf 70' lang='lat'>(⁸4)</span> <span class='ocrx_word' id='word_1_438' title='bbox 352 1985 384 2007; x_wconf 73' lang='lat' dir='ltr'>Dc</span> <span class='ocrx_word' id='word_1_439' title='bbox 398 1987 439 2010; x_wconf 69' lang='lat' dir='ltr'>hac</span> <span class='ocrx_word' id='word_1_440' title='bbox 453 1986 589 2016; x_wconf 73' lang='lat' dir='ltr'>Quaestione</span> <span class='ocrx_word' id='word_1_441' title='bbox 604 1994 663 2012; x_wconf 73' lang='lat' dir='ltr'>extat</span> <span class='ocrx_word' id='word_1_442' title='bbox 676 1988 808 2013; x_wconf 73' lang='lat' dir='ltr'>Dissertatio</span> <span class='ocrx_word' id='word_1_443' title='bbox 823 1989 909 2019; x_wconf 75' lang='lat' dir='ltr'>saepius</span> <span class='ocrx_word' id='word_1_444' title='bbox 927 1991 1014 2014; x_wconf 72' lang='lat' dir='ltr'>laudata</span> <span class='ocrx_word' id='word_1_445' title='bbox 1030 1992 1060 2011; x_wconf 75' lang='lat' dir='ltr'>cl.</span> <span class='ocrx_word' id='word_1_446' title='bbox 1075 1990 1166 2012; x_wconf 69' lang='lat' dir='ltr'>Dt&#39;onttii</span> <span class='ocrx_word' id='word_1_447' title='bbox 1177 1997 1217 2014; x_wconf 74' lang='lat' dir='ltr'>run</span> <span class='ocrx_word' id='word_1_448' title='bbox 1229 1989 1265 2012; x_wconf 71' lang='lat' dir='ltr'>du</span> <span class='ocrx_word' id='word_1_449' title='bbox 1280 1989 1370 2012; x_wconf 58' lang='lat' dir='ltr'>Koma</span> 
     </span>
    </p>
   </div>
   <div class='ocr_carea' id='block_1_5' title="bbox 1039 2030 1108 2067">
    <p class='ocr_par' dir='ltr' id='par_1_7' title="bbox 1039 2030 1108 2067">
     <span class='ocr_line' id='line_1_37' title="bbox 1039 2030 1108 2067; baseline 0 0"><span class='ocrx_word' id='word_1_450' title='bbox 1039 2030 1108 2067; x_wconf 71' lang='lat' dir='ltr'>Da</span> 
     </span>
    </p>
   </div>
  </div>
 </body>
</html>
