1960 2500
879 71 891 89 t

619 169 1078 207 ORATIO.
1584 169 1608 204 5

89 274 384 310 Christianorum
414 283 525 309 usum
548 273 747 320 pertinens,
802 269 887 306 Non
909 268 1017 305 valde
1041 267 1148 316 longo
1172 265 1618 313 interjecto„intervallo,'

87 337 305 386 magistratu
332 336 548 373 Academiae
576 322 749 379 abituro,
787 331 972 368 commoda
1000 329 1047 365 ad
1073 329 1221 365 tertium
1248 341 1304 363 me
1329 328 1610 376 disciplinarum

87 411 203 448 genus
231 397 435 433 conserendi
464 396 547 432 data
577 403 630 431 est
654 396 813 431 occasio..
864 392 1064 437 Videlicet,
1093 390 1162 426 hoc
1180 391 1260 438 ipso
1289 402 1382 424 anno
1403 389 1610 438 Exegeseos

87 460 192 497 Novi
228 459 450 495 Testamenti
473 458 660 507 professor
689 466 854 502 creatus,
882 454 976 491 nihil
1003 454 1122 502 magis
1149 451 1195 487 ad
1225 451 1318 487 hane
1339 459 1463 487 nostra
1492 459 1618 486 aetate>

86 521 402 558 commendandam
435 520 643 556 cathedram
669 520 848 568 pertinere
876 516 1121 561 existimavi,
1143 526 1254 562 quam
1281 520 1320 548 ut
1351 521 1384 548 et
1414 512 1609 560 Hzcgonem

87 583 259 620 Grotium
287 590 504 628 nostratem,
533 590 567 619 et
592 582 777 618 Ioannem
804 580 1015 627 Angustam
1043 577 1280 619 Eme-stium,
1310 582 1344 610 et
1370 582 1609 609 monstratam

84 644 129 682 ab
152 645 210 680 his
228 645 335 681 tantis
355 645 445 681 viris
464 644 577 692 hujus
595 645 808 693 disciplinae
827 640 1037 678 tractandae
1064 639 1163 676 viam
1192 637 1382 672 laudarem
1416 643 1449 671 et
1477 635 1522 670 ad
1550 648 1607 670 se-

84 707 269 756 quendum
296 719 560 755 proponerem3
596 715 630 743 et
663 704 898 742 audientibus
939 716 981 738 ac
1010 698 1218 750 *legentibus
1254 697 1368 745 hujus
1392 697 1608 744 praesertim

84 769 261 804 orationis
287 770 425 817 placuit
452 777 715 818 argumentum.
767 767 930 803 Fuerunt
948 773 1088 809 tamen,
1117 761 1182 811 qui
1200 759 1476 804 contenderent,
1503 758 1616 797 futu->

82 831 134 866 ris
156 831 303 880 quidem
324 830 358 865 T
362 830 550 879 heologiae
579 829 790 866 doctoribus
816 823 1072 865 Ernestianam
1104 824 1198 860 hanc
1227 821 1470 862 commendari
1499 832 1606 869 opor-

81 901 156 930 tere
172 893 345 929 rationem
359 906 371 940 ;
400 893 462 928 sed
485 893 530 928 ad
547 893 762 941 popularem
788 889 993 939 Religionis
1018 886 1254 924 Christianae
1280 883 1510 932 disciplinam
1540 895 1605 917 ne-

80 968 153 1004 que
180 963 232 991 tot
259 948 378 991 rerum
403 955 558 1003 peritia,
587 967 704 1003 neque
733 966 774 989 ea
800 964 891 1001 opus
926 963 1005 988 esse
1044 947 1255 997 diligentia,
1285 959 1396 995 quam
1422 945 1481 982 vir
1506 957 1605 979 surn-

80 1029 165 1054 mus
190 1018 229 1052 in
260 1017 454 1064 interprete
492 1016 592 1052 Novi
626 1014 851 1050 Testamenti
879 1010 1144 1061 requisivisset.
1203 1008 1321 1057 Igitur
1349 1006 1602 1056 quinquennio

78 1086 161 1127 post
182 1079 313 1114 iterum
336 1078 485 1113 rectoris
503 1090 652 1112 munere
677 1077 852 1120 functus,
880 1074 927 1108 ad
953 1080 1122 1122 quartam
1149 1070 1332 1107 doetrinae
1358 1067 1603 1117 'l'heologicae

77 1147 217 1188 partem
228 1166 240 1184 ‚
270 1151 365 1187 quae
388 1138 434 1173 ad
451 1139 663 1185 popularem
682 1135 887 1183 Religionis
906 1134 1139 1171 Christianae
1148 1131 1419 1171 ⁸institutionem
1441 1138 1576 1177 spectat
1584 1157 1606 1175 ,

77 1201 237 1242 animum
254 1200 466 1245 advertens,
494 1212 539 1234 ex
562 1199 741 1247 legitimae
758 1208 945 1233 sacrorum
976 1193 1156 1230 librorum
1184 1191 1492 1244 interpretationis
1518 1191 1602 1226 fon-

75 1271 112 1299 te
140 1276 218 1299 eam
246 1264 438 1312 praecipue
466 1260 706 1297 hauriendam
732 1272 832 1306 esse,
861 1257 961 1294 haud
990 1255 1166 1301 infirmis,
1193 1254 1266 1292 nisi
1296 1266 1352 1289 me
1374 1253 1495 1290 omnia
1525 1253 1610 1292 fak.

76 1325 175 1378 lant,
202 1324 407 1362 rationibus
431 1323 688 1365 demonstravi.

123 1387 181 1423 Ea
208 1387 337 1425 dehinc
364 1402 485 1425 rerum
515 1396 723 1424 nostrarum
753 1387 850 1424 facta
884 1392 938 1422 est
966 1383 1177 1428 conversio,
1201 1389 1242 1418 ut
1269 1393 1340 1417 non
1372 1378 1531 1427 amplius
1554 1388 1603 1413 ex

74 1447 145 1485 hoc
173 1459 345 1499 suggestu
374 1451 682 1488 dicendi-occasio
711 1449 874 1485 reditura
905 1460 984 1484 esse
1020 1446 1217 1484 videretur.
1268 1443 1389 1479 Aliter
1416 1454 1504 1478 vero
1536 1452 1611 1475 su·-

75 1522 201 1559 premo
224 1524 345 1548 rerum
363 1513 522 1548 omnium
533 1507 702 1556 arbitro,
727 1511 809 1546 Deo
827 1510 977 1558 Optimo
998 1507 1183 1552 Maximo,
1212 1505 1336 1542 visum
1354 1512 1423 1540 est.
1474 1503 1605 1550 Repu·-

75 1571 174 1609 blica
193 1573 333 1609 Batava
359 1574 397 1609 in
415 1582 572 1610 veterem
595 1573 808 1622 dignitatem
826 1584 868 1607 ac
885 1570 1091 1606 libertatem
1108 1568 1290 1606 vindicata
1302 1595 1315 1612 ,
1344 1574 1378 1601 et
1409 1564 1453 1600 ab
1471 1563 1605 1599 exsilio

73 1643 240 1670 revocato
267 1635 436 1683 Principe
454 1636 679 1681 Arausiaco,
708 1634 903 1682 eodemque
930 1632 976 1668 ad
1005 1631 1144 1679 regiam
1166 1629 1378 1678 dignitatem
1405 1634 1548 1670 eveo-m,
1577 1636 1601 1659 a

73 1696 214 1731 reddita
231 1697 371 1745 patriae
396 1710 438 1732 ac
459 1697 627 1733 restituta
654 1696 774 1732 salute
798 1693 1016 1732 Academiae
1039 1704 1188 1741 quoque
1213 1703 1308 1726 nova
1331 1701 1445 1736 eaque
1473 1686 1603 1722 laetis-

74 1758 167 1793 sima
201 1755 339 1795 affulsit
366 1759 456 1805 lux,
485 1772 551 1795 nec
578 1759 697 1794 solum
719 1757 896 1807 pristinae
920 1756 1003 1804 ejus
1021 1767 1103 1804 spes
1126 1754 1222 1790 facta
1243 1750 1429 1800 dignitatis
1454 1750 1601 1784 instau-

73 1820 232 1866 randae,
259 1821 323 1856 sed
351 1822 451 1870 regia
478 1820 690 1857 auctoritate
718 1829 752 1856 et
784 1818 1027 1856 munificentia
1060 1816 1332 1864 redintegratae
1357 1811 1600 1848 Academicae

74 1882 128 1918 rei
144 1883 228 1919 novi
251 1882 392 1920 decoris
411 1895 567 1932 magnus
593 1884 744 1919 accessit
762 1881 957 1926 cumulus,
987 1888 1021 1915 et
1044 1879 1078 1914 is
1100 1879 1176 1927 jam
1199 1875 1432 1913 introductus
1463 1880 1600 1908 estre-

77 1954 158 1978 rum
177 1945 283 1992 ordo,
312 1945 407 1981 unde
422 1946 541 1980 multa
562 1952 596 1979 et
612 1945 770 1980 maxima
790 1945 827 1980 in
844 1941 1084 1979 humanitatis
1112 1954 1155 1976 ac
1176 1940 1366 1975 literarum
1391 1935 1537 1979 studia,
1561 1939 1599 1967 et.

78 2006 287 2047 universam
303 2020 379 2044 rem
395 2007 584 2058 publicam
594 2036 609 2056 ,
628 2007 725 2044 bona
742 2015 851 2056 atque
878 2005 1118 2041 emolumenta
1135 1999 1385 2040 redundatura
1404 2008 1505 2040 esse,
1529 2005 1598 2028 ve-

895 2068 932 2105 Α
956 2067 981 2101 3
1527 2054 1597 2090 he·—
