1940 2474
260 153 311 198 alt
619 160 992 195 ABRAHAMI
1052 159 1425 199 'CAPADO'UE

263 253 342 276 rent.
381 244 447 275 Hoc
467 252 536 276 vero
560 247 665 277 nullibi
687 247 716 277 in
737 257 824 286 regno
849 249 984 286 organico
1007 250 1103 279 locum
1126 251 1221 280 habet.
1267 252 1347 290 Ergo
1370 252 1452 281 aliam
1478 261 1592 283 causam
1614 254 1695 285 aliam
1715 257 1777 288 vim

269 305 411 326 assumere
436 306 551 327 necesse
569 305 630 333 est,
653 301 711 334 qua
733 300 800 329 haec
823 301 1035 337 phaenomena,
1058 308 1181 331 ceterum
1206 311 1265 331 non
1288 303 1473 340 explicanda,
1494 306 1627 341 explicari
1646 309 1774 344 possint.

267 348 407 378 Assumto
428 348 531 385 igitur,
554 349 686 379 alimenta
707 352 809 380 mutari
829 351 858 380 in
878 352 1068 381 substantiam
1084 355 1178 384 cuivis
1196 355 1344 384 individuo
1366 356 1528 392 propriam,
1542 366 1594 393 per
1606 359 1778 390 reactionem

267 402 399 437 corporis
421 402 481 431 vivi
505 403 534 432 in
555 403 725 440 stimulum,
746 405 840 436 facilis
864 407 977 436 videtur
999 407 1171 444 explicatio,
1194 415 1245 435 cur
1264 407 1386 436 nutritio
1407 407 1533 436 vitietur.

304 452 375 481 Non
398 460 459 487 est,
480 454 523 482 uti
548 455 649 484 dicunt
670 457 822 493 Chemici,
845 459 981 494 quoniam
1005 459 1085 487 nulla
1103 460 1186 488 datur
1201 459 1320 488 affinitas
1340 459 1418 487 inter
1438 459 1641 490 alimentorum
1665 467 1692 489 et
1711 470 1775 491 c-or-

258 504 365 540 poris,
388 505 467 540 quod
488 507 623 541 assumit,
646 508 799 544 principia.
843 509 930 546 Saepe
953 510 1026 538 enim
1049 511 1158 539 eaedem
1179 510 1357 551 substantiae
1379 519 1461 539 ‘nunc
1482 511 1588 541 'bonam
1613 521 1690 541 nunc
1712 521 1778 549 pra-

266 562 331 583 vam
360 556 485 584 subeunt
509 557 709 594 digestionem.
758 560 812 589 Sed
833 562 952 590 meliore
982 561 1056 590 forte
1083 563 1146 599 jure
1176 570 1277 598 pravae
1302 561 1471 598 digestionis
1501 572 1585 592 causa
1621 563 1778 599 quaerenda

266 604 342 635 foret
364 607 394 636 in
417 608 523 644 modo,
551 618 610 645 quo
638 611 769 640 alimenta
797 612 871 641 vires
899 614 1000 643 vitales
1023 614 1168 649 alliciunt,
1190 620 1217 642 et
1240 613 1269 641 in
1293 613 1397 649 modo,
1424 622 1482 649 quo
1505 614 1569 643 illae
1589 621 1720 651 reagant,
1747 614 1780 644 id

266 663 328 692 est,
347 658 375 686 in
400 659 519 689 stimulo
541 667 567 689 et
587 662 738 691 reactione,
780 663 891 694 Vitium
917 673 983 702 ergo
1006 666 1130 694 haerebit
1150 666 1194 693 vel

303 709 342 736 A.
365 709 400 737 ln
421 711 578 740 alimentis.
619 713 746 742 Possunt
765 722 826 743 esse
845 716 930 752 talia,
955 723 985 745 ut
1007 717 1154 745 inimicum
1175 716 1204 744 in
1229 716 1286 745 vim
1311 717 1425 745 vitalem
1443 716 1595 746 stiinulum
1617 722 1780 747 exerceant.'

266 759 333 788 Inde
358 761 463 790 reactio
490 762 581 790 oritur
599 764 749 800 morbosa,
772 767 816 794 vel

302 809 336 837 B.
360 810 395 838 ln
413 813 472 848 ipso
491 820 621 849 corpore.
670 814 700 841 Si
725 823 828 851 nempe
848 817 892 845 vis
918 819 1014 847 vitalis
1039 819 1076 847 ita
1100 818 1266 848 labefactata
1288 825 1350 853 est,
1381 825 1413 846 ut
1443 819 1552 848 easdem
1578 819 1779 855 substantias,

266 868 339 895 quae
357 860 420 889 aliis
439 862 494 890 sub
520 863 745 893 circumstantiis
758 887 767 901 ,
790 867 903 903 vigente
922 877 1023 904 nempe
1041 869 1069 897 vi
1092 870 1192 904 vitali,
1220 870 1303 898 facile
1324 870 1421 906 subigi
1442 871 1608 906 potuerint,
1629 879 1707 900 nunc
1737 870 1783 898 di-

262 918 356 947 gerere
374 920 504 948 nequeat.
545 915 577 943 In
600 922 725 951 utroque
743 925 810 945 casu
833 917 927 947 vitiari
950 919 1033 948 debet
1048 920 1182 950 nutritio.

300 961 361 990 Nec
385 964 503 993 firmiori
528 967 586 994 talo
606 967 692 995 inniti
716 968 830 997 videtur
859 978 1055 1007 argumentum
1078 981 1093 1000 a
1115 971 1260 1001 Chemicis
1290 973 1452 1007 prolatum,
1484 971 1651 1000 mixtionem
1673 978 1779 1007 corpo-

260 1013 303 1042 ris
319 1014 446 1050 organici
464 1016 576 1045 differre
598 1027 652 1053 pro
672 1018 766 1048 indole
790 1028 1004 1058 assumtorum;
1034 1023 1107 1052 nihil
1131 1023 1195 1052 inde
1220 1031 1273 1059 pro
1299 1023 1373 1050 thesi
1395 1031 1493 1051 eorum
1520 1021 1661 1057 sequitur.
1702 1020 1781 1051 Nam

264 1065 356 1100 ratio,
378 1075 464 1101 quare
485 1077 550 1097 aves
575 1069 681 1105 (lubet
701 1072 797 1100 eodem
820 1075 950 1110 exemplo
974 1075 1042 1111 uti)
1071 1074 1097 1103 si
1119 1075 1230 1103 alantur
1255 1074 1426 1102 substantiis
1457 1074 1534 1102 omni
1559 1073 1636 1101 calce
1658 1071 1781 1108 privatis

265 1124 320 1145 ova
338 1125 448 1153 ponant
469 1121 542 1148 testa
566 1121 685 1151 calcaria
705 1123 860 1159 destituta,
889 1125 918 1153 in
939 1135 973 1154 eo
994 1126 1090 1162 posita
1111 1126 1242 1159 videtur,
1268 1127 1349 1159 quod
1375 1125 1489 1161 singula
1509 1124 1642 1153 alimenta
1664 1124 1717 1152 sua
1738 1131 1781 1152 ra-

260 1167 342 1196 tione
365 1177 472 1206 corpus
495 1172 628 1202 afficiant.
668 1174 711 1202 Ea
736 1174 843 1211 igitur,
870 1185 943 1212 quae
965 1178 1071 1206 calcem
1097 1174 1264 1210 continent,
1294 1174 1343 1202 tali
1366 1176 1452 1204 modo
1476 1184 1583 1212 corpus
1608 1175 1778 1209 stimulant,

261 1217 284 1246 i.
304 1227 330 1247 e.
350 1220 381 1248 in
405 1221 463 1249 vim
486 1223 598 1252 vitalem
621 1231 728 1261 agunt,
752 1232 783 1253 ut
797 1227 904 1254 reactio
923 1225 952 1254 in
973 1227 1050 1255 varia
1070 1232 1240 1263 systemata,
1263 1225 1330 1254 hinc
1351 1226 1433 1255 etiam
1456 1227 1485 1255 in
1498 1227 1704 1261 vasculosum,
1728 1224 1780 1254 sti-

262 1270 333 1297 muli
354 1273 570 1307 proportionem
595 1282 697 1303 servet.
734 1275 838 1312 Ergo,
862 1277 982 1306 simulac
1006 1285 1132 1314 systema
1151 1279 1338 1307 vasculosum
1363 1279 1413 1306 tali
1438 1278 1575 1314 peculiari
1598 1276 1781 1306 ratione-sti-

262 1321 407 1357 mulatur,
429 1323 477 1351 illa
495 1333 613 1360 quoque
640 1327 751 1355 ratione
779 1327 807 1355 in
836 1329 1005 1364 sanguinem
1037 1329 1143 1365 reagir,
1174 1331 1223 1364 qui
1246 1338 1324 1358 nunc
1354 1329 1393 1357 ita
1417 1336 1562 1362 mutatur,
1588 1335 1621 1356 ut
1645 1326 1679 1356 ad
1704 1325 1776 1355 alios

262 1371 396 1401 humores
417 1377 603 1404 secernendos
629 1383 714 1411 aptus
737 1378 801 1411 fiat;
830 1379 865 1405 ad
895 1379 947 1406 hos
977 1380 1099 1414 pertinet
1129 1380 1232 1408 humor
1263 1388 1391 1415 magnam
1417 1380 1590 1415 phosphatis
1614 1377 1701 1407 calcis
1729 1386 1779 1406 co-

260 1423 337 1457 piam
362 1425 485 1453 solutam
507 1426 679 1461 continens,
709 1427 759 1462 qui
783 1427 846 1455 ovis
875 1429 1028 1464 appositus
1050 1436 1153 1457 testam
1186 1431 1335 1457 calcat-cam
1365 1429 1481 1457 formet.
1524 1430 1599 1457 Idem
1624 1429 1658 1456 de
1676 1427 1776 1456 ceteris

258 1474 407 1504 mixtionis
432 1478 640 1506 mutationibus
666 1487 681 1506 a
704 1478 825 1506 diversis
849 1479 990 1507 alimentis
1019 1480 1169 1516 productis
1194 1481 1279 1509 valet.
1322 1479 1377 1508 Sed
1406 1480 1547 1516 objiciunt
1572 1478 1702 1507 Chemici
1727 1486 1776 1514 sy-

259 1528 388 1555 stematis
415 1528 542 1557 fautores
575 1529 746 1565 peculiarem
778 1536 950 1559 structuram
980 1538 1007 1560 et
1033 1532 1272 1567 compositionem
1300 1531 1441 1568 individui
1468 1530 1611 1567 praecipui
1642 1529 1776 1558 attentio-

260 1584 325 1605 nem
348 1579 464 1614 mercri,
482 1580 524 1608 ita
546 1588 578 1608 ut
602 1582 762 1618 compositio
782 1583 908 1619 propria
925 1583 1038 1618 plantae
1053 1583 1175 1620 alicujus
1196 1592 1228 1611 ex
1249 1585 1321 1611 teri-ll
1348 1582 1414 1610 talia
1437 1582 1575 1617 attrahat,
1598 1581 1774 1617 quibuscum

258 1629 419 1658 affinitatem
441 1632 510 1666 alit,
533 1632 630 1660 eodem
652 1633 738 1660 modo
760 1641 791 1660 ac
813 1635 973 1671 compositio
995 1636 1121 1672 propria
1141 1633 1270 1663 animalis
1292 1634 1350 1669 agit
1374 1633 1573 1661 tantummodo
1592 1632 1620 1660 in
1641 1641 1671 1660 ca
1696 1632 1773 1669 prin-

256 1679 350 1714 cipia,
372 1689 445 1716 quae
467 1682 521 1709 sibi
543 1683 698 1711 assimilare
718 1684 824 1719 possit.
870 1684 981 1713 Exinde
1004 1686 1093 1722 igitur
1116 1685 1251 1714 distincte
1271 1685 1387 1721 probari
1421 1685 1577 1718 rationem,
1605 1690 1656 1710 cur
1678 1682 1771 1710 diver-

258 1729 390 1759 sissimae
411 1731 515 1760 indolis
539 1734 650 1768 plantae
671 1735 700 1762 in
724 1736 782 1762 unzi
806 1736 959 1771 cademque
981 1736 1070 1765 humo
1094 1737 1236 1765 colantur.
1276 1736 1387 1764 Contra
1410 1737 1481 1764 hanc
1505 1733 1694 1770 objectionem
1719 1733 1771 1760 ite-

259 1789 320 1809 rum
340 1785 585 1819 respondendum,
616 1786 694 1820 quod
716 1785 754 1813 sit
782 1786 885 1822 petitio
917 1787 1063 1823 principii.
1112 1787 1181 1816 Non
1212 1787 1286 1815 enim
1312 1787 1354 1815 sic
1384 1786 1555 1822 explicatum
1576 1791 1634 1819 cst,
1657 1785 1714 1819 qua
1738 1783 1768 1811 vi

256 1831 305 1860 illa
324 1835 498 1870 compositio
517 1837 632 1871 propria
654 1835 809 1871 formetur3
833 1837 909 1865 illam
933 1838 1005 1866 enim
1032 1846 1166 1872 causam,
1194 1846 1265 1873 quae
1284 1837 1374 1874 priori
1400 1836 1605 1873 compositioni
1628 1835 1767 1872 praefuit,

254 1890 308 1912 cur
329 1893 389 1913 nnn
415 1886 448 1913 ad
469 1887 581 1914 alteram
606 1889 817 1923 producendam
841 1889 968 1917 sufficere
989 1889 1191 1917 censeremus?

296 1933 433 1964 Videmus
454 1947 486 1966 cx
511 1938 607 1973 bisce,
632 1947 716 1974 quam
736 1940 920 1975 hypothetica
939 1948 965 1968 ct
990 1940 1044 1968 sibi
1068 1948 1230 1976 repugnans
1248 1940 1276 1969 in
1295 1940 1393 1969 multis
1413 1940 1450 1968 sit
1472 1939 1625 1976 explicatio
1646 1945 1763 1972 eorum,

256 1986 309 2022 qni
328 1994 449 2024 putant,
468 1989 672 2026 nutritionem,
695 1990 822 2027 aliasque
843 1991 973 2028 corporis
990 1991 1050 2020 vivi
1067 1991 1248 2028 functitancs,
1271 1999 1303 2020 ut
1327 1997 1370 2019 tot
1393 1998 1465 2019 mere
1478 1989 1633 2020 Chemicos
1652 1997 1765 2026 proces-

1717 2046 1766 2068 sus
