1940 2474
413 164 935 201 COMMENTATIO
1001 164 1406 197 LITERARIA.
1617 166 1659 210 69

145 265 199 294 50:
221 256 271 293 qui
291 263 318 285 et
342 257 451 285 dictum
474 255 617 291 quoddam
645 255 706 292 ejus
728 258 864 281 memorat
888 251 946 289 Ep.
969 252 1025 287 67,
1056 257 1083 279 et
1104 252 1217 288 saepius
1239 252 1273 280 de
1293 260 1326 281 eo
1352 253 1485 288 loquitur
1510 252 1568 290 Ep.
1593 255 1656 281 108.

146 310 251 339 Clarus
267 309 332 337 item
355 308 384 336 in
401 309 566 336 Stoicorum
588 314 705 335 numero
731 303 789 332 fuit
810 303 957 331 Fabianus
974 303 1133 341 Papirius,
1156 304 1241 339 cujus
1262 303 1351 332 libros
1373 304 1469 332 laudat
1482 325 1492 339 ,
1514 312 1658 339 quemque

145 368 177 389 se
198 360 342 388 audivisse
361 359 464 394 refert,
486 359 557 387 idem
582 358 687 386 Seneca
714 356 772 393 Ep.
794 364 865 389 1c0,
887 354 950 383 aliis
975 355 1041 383 item
1060 355 1132 383 locis
1152 363 1215 382 eum
1244 363 1404 383 memorans
1427 354 1484 392 Ep.
1504 357 1551 390 58.
1573 361 1601 383 et
1623 354 1657 389 (1⁶.

137 412 232 441 'Bm
255 412 317 440 Vit.
331 420 377 439 10.
418 411 446 438 A
468 409 602 445 Caligula
622 409 657 437 ad
680 414 801 436 mortem
826 407 933 435 ductus
953 412 996 434 est
1020 407 1128 435 Canius
1143 406 1265 442 Julius,
1289 415 1373 442 quem
1395 406 1468 434 idem
1495 407 1529 435 de
1546 406 1656 443 Tranq.

147 462 208 491 An.
230 472 276 498 14.
316 462 409 491 virum
440 461 470 489 in
497 460 596 497 primis
623 467 756 496 magnum
781 457 870 493 dixit,
899 459 984 495 cujus
1005 458 1184 486 admirationi
1211 466 1246 485 ne
1274 457 1330 485 hoc
1360 457 1474 493 quidem
1512 457 1658 491 obstaret,

149 515 228 550 quod
250 522 304 542 suo
332 513 432 541 seculo
461 518 544 540 natus
569 517 655 539 esset.
697 509 872 545 Complures
897 509 975 537 viros
1000 509 1208 546 gravissimos,
1228 518 1259 537 ac
1285 508 1430 544 probitate
1451 515 1478 536 et
1500 507 1663 537 constantia

144 563 291 600 insignes,
314 572 345 592 ea
362 563 425 599 ipsa
440 564 474 592 de
495 571 598 597 causa,
620 570 705 597 quam
720 562 862 595 diximus,
886 560 1005 589 sustulit
1026 560 1124 596 Nero,
1146 560 1312 589 Rubellium
1328 559 1486 595 Plautum,
1509 559 1665 587 Thraseam

144 615 287 650 Paetum,
310 615 436 643 Baream
458 615 614 642 Soranum.
656 612 724 641 Vici.
748 613 863 641 Tacitus
889 613 967 641 Arm.
992 612 1079 647 XIV,
1103 622 1138 648 57
1160 620 1187 640 et
1203 612 1288 647 XVI,
1313 621 1360 639 22.
1392 611 1454 639 ‘Ne
1476 612 1532 647 ipsi
1553 611 1667 646 quidem

146 667 322 703 praeceptori
340 675 395 695 suo
418 667 539 695 Senecae
555 664 704 700 pepercit,
726 664 813 692 nobis
835 662 963 691 omnium
981 663 1098 691 maxime
1115 672 1148 691 ex
1169 662 1271 697 libris,
1301 663 1352 698 qui
1372 662 1515 697 hodieque
1539 668 1667 696 exstant,

145 718 286 754 cognito,
307 718 417 754 quique
438 723 545 751 tantam
564 716 687 750 habent,
709 724 774 743 cum
799 715 833 743 ab
857 714 1013 749 orationis,
1042 720 1075 741 ut
1095 714 1154 742 illis
1178 713 1379 749 temporibus,
1401 713 1539 749 elegantia
1560 721 1591 740 ac
1616 719 1670 747 pu-

145 769 246 805 ritate,
267 776 329 797 tum
351 778 366 797 a
388 777 478 797 rerum
497 775 525 796 et
542 769 675 796 varietate
694 774 722 795 et
736 766 938 803 jucunditate,
961 764 1255 800 commendationem,
1278 770 1310 792 ut
1327 770 1395 800 post
1417 763 1586 792 Ciceronem
1603 761 1670 790 Phi-

145 820 295 856 losophiae
319 820 464 848 Romanae
483 819 619 855 princeps
646 818 746 846 merito
763 818 910 848 habeatur.
951 819 1036 848 Alios
1056 819 1137 847 Urbe
1159 817 1289 854 expulit,
1311 817 1464 845 Annaeum
1488 816 1670 850 Cot-natum,

147 870 199 905 qui
216 870 344 899 Persium
364 876 391 898 et
410 869 562 898 Lucanum
583 869 683 898 Poetas
704 870 868 906 discipulos
893 869 1013 899 habuit:
1043 877 1104 898 turn
1131 869 1315 904 Illusoniam,
1338 868 1388 904 qui
1414 867 1509 896 studia
1529 868 1669 904 juvenum

144 921 298 957 sapientiae
317 921 477 958 praeceptis
503 921 638 955 fovebat,
660 927 692 948 ut
710 921 749 948 ait
770 921 887 949 Tacitus
912 921 992 949 Amr.
1013 921 1087 957 XV,
1110 930 1157 956 71.
1203 920 1243 949 Et
1260 919 1307 947 hic
1329 920 1461 955 quidem,
1488 918 1587 947 deinde
1608 916 1668 945 Ro-

146 981 220 1001 mam
243 979 414 1008 revocatus,
436 979 514 1001 tanta
536 973 613 1008 apud
626 971 835 1008 Vespasianum
858 973 957 1002 floruit
975 973 1081 1009 gratia,
1111 979 1162 1007 ut,
1187 971 1320 1000 cum-hic
1345 970 1541 1007 Philosophos
1567 975 1666 997 omnes

147 1024 217 1052 urbe
239 1024 368 1061 ejiceret,
391 1025 473 1053 solus
495 1023 604 1052 Romae
620 1023 772 1059 manscrit3
795 1023 853 1053 vid.
875 1023 934 1051 Dio
951 1023 1065 1052 Cassius
1089 1023 1128 1051 L.
1146 1023 1252 1051 LXVI.
1275 1031 1306 1058 p.
1325 1030 1401 1058 751,
1417 1023 1456 1050 A.
1479 1023 1524 1050 ed.
1542 1017 1665 1049 Leuncl.

146 1073 274 1104 Maxima
294 1082 388 1103 autem
410 1075 551 1112 ejuslaus
571 1074 648 1109 fuit,
679 1075 758 1110 quod
779 1066 943 1104 Stoicorum
974 1075 1079 1111 placita
1102 1075 1136 1103 ad
1161 1074 1336 1107 Socraticam
1362 1074 1500 1103 rationem
1526 1075 1669 1111 eleganter

142 1126 255 1155 Graece
277 1127 425 1163 explicuit.
465 1127 551 1155 Plura
575 1127 635 1155 vid.
659 1126 689 1155 in
711 1126 879 1155 doctissima
900 1127 948 1155 Cl.
973 1126 1173 1155 Niemvlamlli
1192 1125 1312 1163 Disput.
1338 1125 1372 1154 de
1393 1125 1425 1154 C.
1444 1126 1578 1153 Aldusom‘o
1603 1125 1666 1152 Ru-

138 1177 193 1215 fo,
215 1180 298 1215 cujus
320 1187 466 1207 censuram
488 1178 546 1215 eg-it
570 1179 621 1208 Cl‘.r
643 1178 875 1215 llffytteubachius
898 1178 974 1207 Bm.
1000 1178 1050 1206 Cr.
1080 1178 1113 1205 P.
1129 1177 1216 1211 VIII,
1237 1178 1336 1212 pffimss
1360 1185 1406 1212 sq.
1455 1176 1586 1211 Iniquior
1606 1175 1662 1212 igir

142 1235 195 1257 tui:
223 1229 253 1257 in
277 1230 476 1266 Philosophos
505 1230 562 1258 fuit
591 1229 807 1265 Vespasianus,
837 1229 921 1265 cujus
947 1228 1032 1257 etiam
1061 1228 1223 1263 exemplum
1249 1234 1293 1255 est
1321 1227 1510 1256 inHele'dio
1544 1227 1663 1261 Prisco,

142 1279 218 1308 ‘item‘
234 1280 340 1309 illus-tri
361 1281 481 1316 Stoico,
504 1289 589 1316 quem
614 1280 735 1309 interfici
754 1281 862 1318 jussit:
884 1280 926 1309 cf.
951 1281 1030 1309 Suet.
1052 1279 1083 1308 in
1105 1279 1189 1316 Vesp.
1209 1285 1255 1313 15.

142 1331 144 1334 ’
182 1333 293 1367 Atque·
310 1333 377 1361 haec
405 1333 439 1362 de
463 1332 653 1370 Philosophia
677 1333 753 1363 dicta
773 1338 878 1362 sunto:
911 1332 1088 1368 quibuscum
1120 1329 1173 1359 eff.
1193 1337 1266 1365 quae
1288 1328 1449 1366 disputavit
1469 1328 1663 1361 Meinemius,

145 1391 178 1418 p.
200 1381 276 1419 262,
298 1391 364 1419 sqq.

855 1467 883 1501 §.
924 1474 955 1501 4.

733 1552 779 1582 De
799 1550 1057 1592 Jurisprmlemia.

143 1653 145 1655 >
182 1639 318 1670 Vidimus
339 1641 468 1678 Augusti
492 1648 580 1671 aetate
597 1643 690 1680 JCtos
714 1644 744 1672 in
768 1644 839 1673 duas
857 1644 984 1673 diversas
1004 1642 1133 1671 familias·
1149 1640 1335 1674 discessisse,
1358 1640 1471 1668 alteram
1489 1636 1661 1672 Capitonis}

145 1690 290 1720 Labtonis
313 1694 441 1722 alteram.
492 1695 575 1722 lilius
601 1701 693 1723 autem
721 1695 835 1724 auditor
859 1696 1014 1723 Masurius
1037 1694 1159 1722 Sabinus
1183 1691 1306 1719 illustris
1328 1688 1438 1717 Tiberii
1459 1695 1548 1717 aetate
1563 1689 1660 1725 JCtus

146 1739 222 1775 fuit,
251 1741 285 1769 ab
306 1749 399 1776 eoque
417 1741 468 1776 qui
496 1746 619 1777 profecti
643 1752 711 1773 sunt
736 1747 891 1774 Sabiniani
913 1752 982 1778 sunt
1008 1741 1156 1778 appellati.
1206 1740 1349 1768 Labeonis
1375 1746 1474 1768 contra
1495 1739 1553 1768 fuit
1578 1738 1664 1768 disci-

145 1792 234 1827 pulus
263 1791 310 1820 M.
334 1791 464 1827 Cocces'us
488 1793 613 1828 Nerva,
639 1793 712 1822 Cos.
743 1795 782 1822 A.
806 1794 846 1823 U.
869 1803 943 1830 774,
980 1793 1100 1822 Tiberio
1129 1791 1392 1820 familiarissimus:
1426 1791 1492 1820 huic
1523 1790 1664 1820 successit

97 1841 101 1845 ’
144 1844 327 1882 Sempronius
356 1843 515 1877 Procalus,
545 1853 559 1872 a
587 1853 647 1880 quo
670 1854 776 1874 nomen
796 1846 905 1882 accepit
927 1854 1002 1875 nova
1024 1845 1123 1873 schola
1146 1843 1410 1871 Proculianomm:
1438 1851 1503 1871 cum
1527 1849 1626 1870 contra
1649 1849 1665 1870 e

145 1893 242 1923 Sabini
265 1895 364 1923 schola
386 1895 537 1931 profectus
567 1896 599 1924 C.
625 1897 737 1926 Cassius
761 1896 910 1935 Longinus
938 1897 1026 1933 hujus
1059 1896 1176 1924 scholae
1201 1894 1395 1934 sectatoribus
1423 1901 1526 1929 nomen
1547 1893 1582 1922 de
1607 1901 1663 1922 suo

145 1946 262 1975 nomine
283 1946 362 1975 dedit
383 1945 597 1976 Cassianorum.
1347 1977 1351 1982 ,

949 1998 964 2026 Ι
984 2006 1000 2034 3
1582 1995 1665 2033 Mag-
