1960 2500
285 265 860 334 COMMENTATIO
906 262 1412 326 THEOLOGICA

805 454 890 481 Dr:

200 593 1502 644 ΗΖῩΜΝΟΖΑΟΗΑΒΙΑΕε

495 1055 1229 1091 INTRODUCTIO.

91 1134 262 1202 'Librum
281 1168 315 1198 de
334 1167 393 1197 vita
404 1167 487 1205 Jesu,
505 1176 520 1197 a
536 1168 623 1197 Luca
642 1168 860 1205 conscriptum,
882 1166 960 1196 haud
973 1165 1122 1207 exiguam,
1138 1172 1201 1194 tum
1217 1174 1233 1194 a
1249 1173 1342 1194 rerum
1357 1165 1443 1203 eopia
1460 1171 1488 1194 et
1500 1165 1619 1196 diversi-

92 1227 176 1263 tate,
199 1228 260 1250 tum
285 1221 318 1249 ab
343 1220 503 1257 argumenti
524 1221 651 1257 pondere
671 1227 699 1249 et
720 1220 873 1257 gravitate,
896 1218 999 1247 habere
1022 1218 1318 1253 commendationem,
1347 1217 1405 1245 fere
1425 1216 1498 1246 inter
1518 1226 1616 1247 omnes

91 1273 251 1315 *conv-enit,
292 1272 366 1310 Ejus
390 1279 485 1301 autem
509 1272 682 1309 praestantia
704 1272 838 1308 inprimis
860 1272 925 1300 inde
942 1277 1039 1308 patet,
1062 1270 1142 1306 quod
1161 1276 1263 1298 auctor
1283 1269 1388 1298 multas
1405 1268 1462 1298 sibi
1483 1269 1539 1297 soli
1554 1278 1621 1305 pro·

101 1325 180 1362 prias
198 1324 283 1353 habet
302 1324 496 1360 narrationes,
520 1332 593 1360 quae
613 1332 755 1353 summam
776 1324 944 1360 dignitatem
966 1323 1037 1361 Jesu
1058 1329 1085 1351 et
1109 1322 1271 1351 universam
1293 1322 1354 1359 eius
1371 1320 1521 1350 historiam
1541 1321 1622 1350 valde

102 1377 250 1405 illustrant
266 1382 294 1404 et
310 1375 492 1404 confirmant.
534 1375 650 1414 Quibus
671 1385 725 1409 nos
744 1376 821 1404 haud
837 1375 1020 1411 dubitanter,
1051 1380 1082 1403 ut
1105 1373 1273 1403 universum
1295 1372 1410 1409 Capitis
1424 1372 1448 1401 I.
1470 1380 1618 1410 argumen-

104 1434 186 1463 tum⁷
209 1427 247 1456 ita
269 1436 328 1456 eam
347 1436 466 1464 quoque
488 1436 671 1457 accensemus
698 1428 881 1464 relationem,
905 1436 977 1463 quae
998 1427 1032 1456 ad
1061 1425 1227 1455 Zachariam
1252 1425 1391 1462 pertinet,
1421 1424 1451 1452 in
1472 1425 1556 1461 cujus
1579 1424 1622 1453 in·

103 1480 286 1517 terpretando
307 1480 436 1516 hymno,
466 1489 640 1516 quamquam
670 1480 849 1510 vehementer
868 1486 994 1516 optatam
1018 1485 1175 1507 conatuum
1198 1484 1365 1506 nostrorum
1386 1484 1402 1504 a
1418 1476 1572 1505 reverendo
1594 1483 1622 1504 et

106 1530 321 1568 spectatissimo
343 1531 579 1560 Clarissimorum
605 1532 733 1560 virorum
750 1530 857 1559 Ordine
882 1530 1119 1568 approbationem
1138 1530 1187 1558 vix
1212 1537 1323 1566 sperare
1349 1528 1500 1564 ausimus,
1529 1533 1624 1558 tamen

106 1583 182 1612 vires
206 1581 359 1619 periclitari
383 1581 468 1610 nobis
491 1582 675 1618 propositum
695 1589 738 1611 est
759 1583 834 1620 (*).
1239 1614 1241 1616 ,

148 1634 249 1664 Aetate
268 1632 411 1668 Herodis,
430 1633 604 1670 Judaemm
624 1634 715 1671 regis,
737 1634 810 1663 vixit
831 1635 962 1663 sacerdos
989 1633 1126 1669 quidam,
1156 1632 1258 1662 classis
1283 1631 1427 1667 Abianae,
1453 1631 1550 1661 dictus
1570 1631 1626 1660 Za-

1563 1683 1628 1712 cha-

138 1773 188 1802 (Ὃ
205 1773 346 1796 Authentiam
359 1773 443 1802 Capitis
457 1773 522 1801 primi
536 1773 650 1797 vindicare
664 1781 710 1797 non
723 1781 756 1797 est
769 1776 833 1802 huius
846 1775 901 1798 loci.
930 1776 1001 1798 Recte
1018 1775 1145 1796 Evansonum
1158 1773 1258 1801 aliosque
1267 1787 1275 1799 ‚
1290 1772 1328 1800 qni
1342 1777 1365 1794 ut
1379 1772 1431 1794 alias
1444 1773 1562 1795 nonnullas
1575 1771 1626 1795 {ibri

113 1821 200 1845 partes,
221 1816 251 1837 ita
263 1817 307 1838 duo
326 1815 399 1843 priora
412 1816 490 1843 Capita
504 1816 577 1844 spuria
596 1823 645 1839 esse
660 1818 800 1845 existimant,
822 1818 946 1839 refutarunt
962 1817 1049 1837 Suskind
1063 1816 1085 1838 in
1102 1816 1198 1843 Symbatis
1216 1815 1243 1835 ad
1261 1816 1303 1835 loca
1322 1815 1495 1841 Euangeliorum,
1514 1814 1591 1841 Fufius
1606 1814 1630 1836 in

112 1858 238 1885 specimine,
252 1864 288 1885 qua
299 1856 349 1883 fidu
361 1862 381 1877 n
392 1859 504 1878 auctoritas
516 1858 622 1880 Matthaei
639 1860 661 1880 in
674 1860 780 1887 reserenda
799 1860 850 1888 Jem
863 1860 966 1886 aratione,
988 1860 1041 1886 Cap.
1055 1860 1088 1884 V,
1104 1859 1149 1885 Vl,
1165 1857 1210 1878 vn.
1244 1856 1383 1882 vindicatur,
1405 1861 1427 1878 et
1445 1856 1482 1878 alii
1496 1863 1507 1878 a
1528 1856 1632 1877 Kainoelia

115 1899 190 1925 timi,
206 1898 228 1920 in
245 1898 326 1925 Prvleg.
343 1905 393 1926 pag.
408 1905 457 1927 227.
477 1901 586 1923 Commeat.
601 1902 624 1922 in
638 1900 722 1923 Lucan..
754 1902 821 1924 conf.
836 1907 926 1928 quoque
944 1901 1027 1922 Creve’t
1043 1900 1183 1926 Verzamling
1195 1905 1234 1920 van
1250 1900 1316 1925 nm’ge
1328 1898 1376 1918 losse
1387 1897 1476 1925 stubju,
1491 1903 1539 1924 pag.
1553 1902 1594 1925 149
1609 1903 1632 1919 et

117 1946 171 1967 150,
186 1940 224 1967 qui
238 1946 266 1962 ex
279 1940 364 1966 hymnis
386 1941 429 1962 hoc
449 1941 527 1968 Capite
547 1943 725 1965 commemoratis
739 1948 888 1969 argumentum
902 1942 983 1970 repetit
997 1943 1023 1963 ad
1037 1942 1107 1967 νοθείας
1119 1940 1267 1968 suspicionem
1282 1940 1308 1961 ab
1321 1946 1349 1961 eo
1362 1939 1467 1961 universo
1481 1939 1631 1960 amovendam.

144 1983 179 2003 De
197 1980 330 2009 praestantia
348 1981 462 2007 Euangelii
476 1983 542 2004 Lucae
556 1984 624 2005 multa
641 1985 728 2012 egregie
742 1990 817 2007 monet
834 1985 860 2007 T.
877 1985 909 2006 A.
924 1984 1070 2006 Krummueher
1085 1983 1108 2005 in
1123 1983 1239 2004 ln'uorinlne
1257 1989 1281 2003 m
1293 1982 1422 2003 aesthetinhe
1436 1981 1579 2008 Besclmum'ng
1591 1985 1633 2002 wo

115 2024 152 2044 da·
165 2028 219 2051 gem
233 2029 257 2045 e·
265 2023 321 2050 flua
332 2022 369 2044 dar
386 2024 483 2051 evangel.
502 2024 648 2047 Ganhicdenis.

875 2066 940 2095 Aa
