1940 2474
981 435 1048 464 IN

520 558 1119 604 COMMENTATIONE
1188 558 1499 597 CHEMICA

624 688 666 719 H.
704 688 741 718 C.
776 694 852 716 vAN
885 693 963 714 DER
995 683 1153 713 BOON
1191 683 1394 713 MESCH

719 803 1302 834 EMENDANDA.

248 937 317 974 Pag.
339 944 388 964 22.
411 934 491 963 Nota
512 933 592 971 (31)
611 940 665 969 pro
687 932 845 967 163—172
868 933 929 968 lege
950 939 1089 968 70—73.

248 1003 325 1012 —-
346 996 394 1024 23.
416 986 494 1015 Nota
515 986 595 1022 (35)
616 993 670 1020 pro
693 985 749 1020 448
774 983 836 1020 lege
855 985 923 1019 488.

248 1055 325 1064 —-
346 1040 394 1068 26.
417 1040 446 1075 5.
466 1046 513 1075 23.
537 1037 611 1065 linea
626 1045 656 1071 4.
679 1044 732 1072 pro
756 1045 815 1073 qua
836 1036 1008 1065 saccharum
1029 1035 1118 1065 acida
1133 1035 1271 1072 fhrmant
1299 1035 1360 1072 lege
1375 1041 1440 1110 ἴοιμι
1463 1030 1657 1065 saccharum,
1680 1028 1768 1058 acida

1397 1077 1523 1101 armant.
1555 1094 1559 1098 .

247 1131 323 1143 .-
347 1125 392 1154 32.
414 1116 493 1145 Nota
517 1116 598 1152 (77)
619 1123 672 1150 pro
697 1115 726 1150 §.
743 1120 809 1149 550.
831 1114 892 1150 lege
914 1114 943 1149 S.
959 1120 1027 1148 500.

246 1183 321 1192 —
349 1177 395 1204 34.
418 1169 447 1204 §.
463 1176 508 1204 33.
530 1167 603 1195 linea
620 1175 650 1202 7.
671 1174 724 1202 pro
738 1165 889 1203 productis
904 1166 1059 1203 propriam
1082 1166 1145 1202 lege
1161 1164 1313 1204 prodactis
1332 1165 1499 1203 proprium.

249 1233 326 1242 -—
345 1229 394 1255 44.
413 1220 442 1256 §.
458 1226 508 1255 45.
531 1219 604 1247 linea
620 1227 665 1246 12.
688 1225 741 1253 pro
762 1226 835 1252 200,
860 1225 933 1252 300,
957 1224 1012 1251 500
1029 1216 1136 1255 pedum
1164 1218 1225 1254 lege
1246 1227 1319 1252 100,
1343 1225 1412 1251 150,
1436 1224 1492 1243 200
1513 1211 1628 1250 pedm.

245 1284 323 1294 -—
345 1279 394 1306 47.
417 1272 446 1307 §.
462 1279 510 1306 47.
532 1270 604 1298 linea
620 1278 665 1297 11.
688 1277 742 1304 pro
760 1274 786 1296 et
810 1267 994 1296 secundarios
1011 1268 1185 1297 Vult-unicos
1206 1269 1266 1305 lege
1290 1274 1317 1295 ct
1338 1266 1522 1296 secundarios
1539 1270 1566 1292 et
1582 1262 1761 1292 Vulcanicos.

246 1335 324 1345 —-
342 1330 392 1357 47.
413 1322 442 1357 §.
461 1330 510 1356 47.
532 1320 604 1349 linea
624 1329 669 1348 12.
692 1328 745 1356 pro
763 1319 841 1347 calce
861 1319 967 1356 baryta
988 1320 1049 1356 lege
1068 1320 1166 1354 calce,
1190 1320 1308 1356 baryta.

247 1388 323 1398 —
343 1375 389 1409 48.
411 1374 440 1409 §.
454 1374 503 1408 48.
526 1372 599 1400 linea
620 1381 648 1400 2.
670 1379 724 1407 pro
751 1381 810 1409 qua
826 1370 992 1407 formatum
1016 1371 1076 1408 lege
1099 1381 1160 1409 qua
1174 1371 1341 1408 formatur.

186 1446 190 1447 γ
247 1439 324 1448 -—-
343 1433 391 1460 49.
413 1425 441 1460 §.
457 1433 506 1459 49.
529 1423 601 1451 linea
621 1424 650 1450 6.
672 1431 727 1458 pro
750 1422 856 1464 induat
876 1428 902 1449 et
923 1422 1037 1451 avolent
1055 1423 1117 1459 lege
1137 1423 1263 1451 induant
1284 1428 1312 1450 et
1333 1421 1458 1451 avolent.

247 1492 323 1498 —
346 1477 393 1512 58.
415 1476 444 1511 §.
462 1476 509 1510 64.
534 1474 608 1502 linea
624 1482 650 1509 3.
673 1483 727 1510 pro
745 1475 830 1512 prius
852 1479 965 1509 autem,
987 1483 1074 1511 quum
1097 1475 1158 1511 lege
1175 1476 1262 1512 prius
1282 1479 1397 1508 autem,
1419 1480 1518 1510 quam.

247 1543 322 1551 ——
343 1529 390 1564 63.
412 1528 440 1563 3.
459 1526 507 1554 66.
533 1525 606 1554 linea
628 1533 674 1561 25.
700 1534 753 1561 pro
777 1527 803 1553 si
817 1534 878 1562 gaz
900 1531 1018 1553 azotum
1042 1532 1070 1555 et
1087 1526 1173 1556 carbo
1195 1527 1256 1563 lege
1277 1527 1302 1554 si
1319 1534 1379 1563 gaz
1402 1529 1520 1553 azotum
1544 1527 1572 1550 ct
1596 1520 1759 1549 casbonem.

247 1593 323 1603 —-
343 1579 393 1609 66.
414 1579 442 1615 §-
464 1588 511 1614 70.
533 1577 605 1606 linea
622 1585 650 1613 5.
672 1585 725 1613 pro
745 1576 839 1605 Pater
862 1576 924 1613 lege
945 1575 1045 1607 Patet.
