1940 2474
542 145 1058 181 COMMENTATIO
1111 146 1388 183 MEDICA}
1674 154 1719 194 'ka

202 244 278 266 nunc
303 235 358 263 sibi
387 233 538 271 oppositae
563 233 721 269 habentur,
749 234 798 262 sed
822 242 933 268 semper
963 234 997 261 ad
1024 233 1141 262 effectus
1168 237 1354 271 praestandos
1381 237 1503 274 junctim
1531 245 1636 276 agunt:
1680 241 1712 270 Si

202 295 336 323 quaeras,
367 295 397 314 v.
417 295 445 322 g.
469 287 593 321 quanam
611 285 640 313 vi
660 286 785 313 frustum
811 285 897 320 salis,
925 285 953 313 in
977 293 1080 321 aquam
1104 286 1284 322 projectum,
1306 287 1447 325 agitetur,
1476 292 1623 319 utrum⁷vi
1648 300 1709 329 gra-

200 337 318 373 vitatis,
348 346 384 365 an
412 336 440 365 vi
465 337 607 365 affinitatis
636 336 810 365 chemicae?
845 337 1022 372 respondeo,
1049 345 1101 365 nec
1132 337 1205 373 htlc,
1232 346 1283 367 nec
1314 338 1364 368 illa
1388 341 1471 376 sola,
1498 343 1547 370 sed
1573 345 1706 379 utraque.

198 389 322 418 Nullum
347 389 477 424 equidem
502 395 545 416 est
565 388 703 424 dubium,
725 388 794 424 quin
816 388 972 416 moleculae
997 387 1100 416 salinae
1124 397 1139 417 a
1162 389 1313 419 moleculis
1345 392 1443 427 aqueis
1465 392 1601 422 Chemica
1622 395 1710 423 affini-

197 446 255 468 tate
273 441 464 475 attrahantur,
491 440 613 476 indeque
635 439 744 470 solutio
769 439 905 469 Chemica
928 438 1102 475 perficiatur.
1150 439 1191 469 At
1214 449 1282 470 vero
1308 442 1376 471 haec
1406 443 1525 473 affinitas
1550 444 1706 482 Chemica,

198 491 263 519 licet
283 476 368 527 plane
391 500 406 519 a
428 491 563 527 gravitate
588 491 626 520 sit
648 491 778 525 diversa,
809 499 868 519 non
891 497 983 518 tamen
1006 490 1172 526 gravitatem
1195 492 1287 529 delet3
1315 502 1405 529 quum
1427 494 1509 523 nisus
1531 504 1581 532 per
1604 505 1708 533 aquam

193 542 384 570 descendendi
402 542 436 570 ab
458 544 489 571 ea
510 543 648 579 gravitate
661 542 796 578 pendeat,
817 542 884 570 dum
903 542 948 570 vel
963 542 1168 578 plerorumque
1188 544 1291 572 salium
1315 545 1475 574 solutiones
1496 547 1552 575 sibi
1575 548 1708 585 telletae,

199 593 259 621 sale
289 593 378 630 magis
405 593 555 630 gravidae,
583 594 618 622 ad
640 593 761 621 fundum
789 601 873 628 quam
894 593 930 621 ad
953 592 1130 628 superficiem
1156 594 1298 624 videntur.
1347 596 1424 625 Idem
1447 599 1526 633 quod
1545 600 1653 629 nostris
1677 601 1709 631 in

162 657 165 659 ·
195 644 342 673 Chemicis
371 644 549 674 laboratoriis
577 645 741 681 saepissime
773 644 961 679 observatur,
990 643 1063 672 idem
1094 644 1166 674 illud
1189 646 1219 675 in
1251 656 1354 684 magno
1377 648 1503 678 Naturae
1535 650 1708 681 laboratorio

195 695 255 724 fieri
279 696 446 732 quotidiana
467 697 551 724 docet
570 695 750 732 experientia.
793 695 859 731 lpsa
887 704 962 731 aqua
988 695 1094 723 marina
1119 696 1204 725 nobis
1234 700 1394 734 exemplum
1425 700 1519 728 offert.
1566 702 1707 731 Examine

193 747 334 776 Chemico
352 747 524 784 subjiciatur
542 756 615 782 aqua
636 756 669 776 ex
691 746 841 783 superficie
857 746 942 775 maris
964 747 1084 782 hausta,
1106 755 1308 783 comparentur
1327 750 1388 786 ejus
1409 750 1549 786 principia
1567 760 1632 780 cum
1649 752 1705 789 iis,

193 797 300 832 quibus
322 804 437 826 constat
466 807 539 833 aqua
565 806 598 826 ex
626 797 732 833 abysso
761 798 845 825 maris
873 798 1022 833 desumta,
1052 804 1079 825 et
1107 807 1175 827 mox
1205 800 1336 836 majorem
1366 800 1395 829 in
1421 801 1472 829 hac
1503 801 1601 831 ultima
1632 812 1707 840 aqua

190 847 320 876 muriatis
349 847 436 875 sodae
465 847 577 884 copiam
606 849 730 877 solutam
756 848 880 876 invenIet
898 848 1071 878 Chemicus.'
1118 849 1192 887 Quis
1216 850 1327 879 interim
1353 851 1478 888 negarit,
1503 853 1576 882 illud
1601 855 1707 884 murias

192 899 279 927 sodae
298 907 393 927 revera
416 898 552 927 Chemice
571 907 632 927 esse
655 900 785 928 solutum
808 899 838 927 in
862 908 936 934 aqua
958 899 1087 940 marini?
1114 900 1175 937 Jam
1200 910 1268 930 vero
1292 902 1380 940 hujus
1407 903 1592 940 phaenomeni
1619 914 1704 934 causa

187 949 220 978 in
237 958 270 978 eo
286 949 384 985 posita
400 949 533 985 videtur,
557 951 636 986 quod
652 951 697 979 vis
715 951 863 979 attractiva
878 950 990 979 telluris
1001 971 1011 986 ,
1028 952 1090 986 vel,
1108 951 1171 979 aliis
1189 952 1282 981 verbis
1293 974 1302 989 ,
1326 953 1387 991 ipsa
1405 954 1449 984 vis
1467 956 1633 993 gravitatis,
1647 965 1704 986 una

183 1009 256 1035 ⁴cum
281 1000 392 1030 viribus
414 1000 558 1031 affinitatis
577 1001 730 1031 Chemicae
752 1008 816 1039 agat
832 1008 860 1031 et
880 1001 998 1031 effectus
1022 1011 1093 1031 suos
1120 1001 1267 1034 sortiatur.

386 1334 765 1375 CAPUT
877 1335 1493 1385 QUARTUM.·

298 1464 347 1484 DE
376 1462 452 1483 USU
479 1463 528 1482 Ex
553 1463 825 1484 PRAECEDENTI
847 1465 1203 1487 CONTEMPLATIONE
1232 1467 1278 1487 AD
1308 1465 1585 1488 PATHOLOGIAM

715 1514 814 1535 OLIM
842 1517 1167 1538 REDUNDATURO.

185 1628 244 1695 Si
265 1664 336 1701 quid
357 1664 461 1701 video,
484 1673 586 1695 sensus
605 1663 723 1696 alterius
744 1665 833 1704 partis
859 1667 1036 1704 quaestionis
1055 1670 1223 1707 propositae
1248 1676 1372 1706 sequens
1393 1676 1455 1699 ease
1475 1666 1600 1698 videtur.

297 1716 398 1745 Eritne
421 1717 517 1752 aliqua
532 1723 559 1745 et
575 1718 669 1753 qualis
682 1719 885 1756 pathologiae,
906 1727 1055 1757 naturam,
1077 1721 1270 1756 differentias,
1292 1729 1412 1756 causas,
1433 1719 1609 1755 effectusque
1625 1726 1700 1748 mor·
1724 1731 1728 1733 ·

260 1767 363 1796 borum
385 1767 556 1803 explicanti,
579 1767 708 1806 utilitas,
730 1776 827 1798 utrum
852 1772 1023 1801 assumseris
1044 1781 1158 1802 causam
1192 1772 1309 1801 unionis
1334 1770 1543 1807 principiorum
1570 1767 1699 1807 corporis

257 1818 380 1848 viventis
407 1827 441 1847 ex
467 1820 529 1848 sola
554 1818 686 1849 affinitate
707 1821 844 1851 Chemica
865 1824 1003 1860 pendere,
1024 1832 1060 1853 an
1085 1832 1154 1853 vero
1179 1832 1212 1853 ex
1233 1823 1263 1852 vi
1281 1817 1363 1851 vitali
1387 1822 1470 1858 sola,
1493 1821 1590 1851 velex
1613 1821 1699 1850 causa

257 1870 343 1898 hacce
364 1871 505 1906 utraque?

219 1921 361 1958 Quamvis
389 1921 519 1950 diversus
554 1921 649 1958 possit
680 1931 752 1952 usus
785 1931 847 1953 esse
873 1925 1075 1963 potissimum,
1105 1926 1215 1955 ratione
1246 1924 1464 1961 amplitudinis,
1495 1922 1555 1952 illis
1578 1922 1695 1951 medicis

179 1971 429 2008 speculatoribus,
451 1974 503 2009 qui
526 1974 722 2004 ratiocinando
741 1975 776 2004 de
797 1976 904 2006 morbis
925 1978 1009 2014 quasi
1031 1987 1047 2008 a
1073 1977 1162 2015 priori
1183 1982 1306 2006 statuere
1337 1981 1498 2012 conantur,
1526 1980 1612 2010 atque
1631 1972 1696 2007 his,

994 2027 1016 2056 F
1646 2030 1698 2059 qui

676 2094 690 2102 μ
