1960 2500
352 188 402 234 33
590 188 633 218 A„
697 184 734 218 L.
786 194 913 219 >vnn
979 193 1085 215 111111
1148 183 1324 216 BOON
1386 184 1629 223 MESCH‚

362 277 440 308 nihil
458 274 567 305 definiri
590 280 678 309 posse
699 272 830 308 videtui-3
860 271 1024 300 Zachariam
1045 279 1113 299 vero
1135 279 1150 299 a
1175 279 1306 307 perversa
1326 271 1482 300 multorum
1504 271 1562 301 isto
1586 277 1713 308 tempore
1732 271 1767 306 de
1786 272 1868 303 bene-

361 328 441 358 ficiis
464 334 512 363 per
534 324 673 354 Messiam
695 323 876 352 conferendis
893 323 1043 360 ‘cogitandi
1068 322 1177 351 ratione
1202 323 1286 359 longe
1317 329 1456 353 remotum
1488 321 1598 358 fuisse,
1628 332 1662 352 ex
1683 332 1789 353 comm.
1814 332 1869 362 75„

367 389 415 416 77.
438 386 464 407 et
487 377 601 406 duobus
621 376 808 413 sequentibus
830 374 1012 404 manifestum
1034 380 1087 402 est.
1136 373 1226 402 Conf.
1250 373 1283 402 C.
1305 374 1338 403 C.
1361 374 1459 409 Flam,
1481 373 1608 403 Dissert.
1630 374 1677 403 De
1698 378 1811 404 notione
1827 385 1875 405 vo-

357 433 406 460 vis
425 432 556 467 βκσιλεΙοι
571 433 623 459 τῶν
643 431 773 465 οὐρανῶν,
795 430 827 456 in
846 427 1033 456 Commentat.
1055 425 1079 453 T
1078 425 1150 453 heol.
1172 424 1340 454 Velchzzsem·
1359 432 1414 453 etc.
1438 425 1506 453 Vol.
1523 424 1561 454 Π.
1592 433 1657 462 pag.
1673 427 1742 462 428.
1786 427 1820 455 In
1839 435 1872 457 eo

365 489 433 518 ergo
455 482 614 517 Prophetas
635 481 812 516 antiquiores
832 485 948 508 secutus
976 483 1038 512 est,
1068 476 1148 512 quod
1169 476 1202 504 de
1225 476 1316 504 salute
1337 485 1387 512 per
1410 475 1536 504 favorem
1558 475 1612 505 Dei
1641 483 1669 505 et
1694 478 1874 508 sanctitatem

358 534 442 563 ,vitae
461 542 476 561 a
497 532 606 561 Messia
628 532 766 561 afferenda
793 531 884 568 magis
910 528 1055 558 sollicitus
1077 527 1151 563 fuit,
1175 535 1259 563 quam
1283 528 1317 555 de
1339 527 1538 561 terrestribus,
1562 535 1635 562 quae
1660 527 1693 555 ab
1723 536 1756 557 eo
1781 538 1875 565 spera-

367 591 429 619 ret,
450 584 614 619 beneficiis,
636 585 669 612 de
695 591 821 619 tempore
846 582 959 618 quidem
981 586 1009 608 et
1029 579 1135 613 modo,
1165 587 1223 614 quo
1252 578 1319 607 haec
1343 578 1495 614 praecipue
1524 578 1602 606 salus
1624 580 1813 615 comparanda
1835 588 1878 610 es—

370 642 432 671 set,
458 635 604 670 incertus,
632 636 681 663 sed
704 635 733 663 in
760 634 891 663 universa
920 632 1049 661 studiose
1083 630 1278 668 investiganda
1308 630 1446 660 continuo
1478 636 1648 666 occupatus.
1705 631 1796 661 Conf.
1823 631 1877 667 Jo.

371 686 457 715 Frid.
489 687 627 715 chukcsi
651 686 733 714 Diss.
763 685 809 713 De
841 694 936 719 nexas,
963 684 1058 721 qualis
1081 689 1186 712 constet
1219 686 1296 712 inter
1333 689 1486 720 utrumque:
1519 683 1636 713 divinae
1669 684 1883 712 constitutionis

366 738 469 773 foedus
493 759 502 773 ,
527 739 715 776 prophetico,
743 737 783 764 ad
812 738 950 774 insignem
981 736 1065 763 Pelm'
1095 735 1225 773 Apostoli
1253 736 1344 764 locum
1375 744 1386 764 1
1408 734 1492 763 Petri
1515 735 1546 764 1:
1579 743 1724 765 10—12.
1754 744 1822 774 pag÷
1846 743 1884 775 34

356 797 456 824 vseqq.

408 840 550 868 Praeterea
571 840 849 868 animadvertendum
875 846 937 875 est,
959 839 1178 874 vaticiniorum,
1202 839 1309 875 quibus
1325 829 1448 867 Messias
1472 845 1505 866 ut
1526 840 1618 875 gentis
1637 839 1804 869 Israeliticae
1819 840 1881 870 vin·

371 890 425 919 dex
450 890 637 925 hostiumque
659 891 814 920 debellator
838 891 1020 927 depingitur,
1051 897 1217 927 argumento
1244 896 1376 918 eventum
1400 891 1528 919 nondum
1555 892 1758 927 respondisse,
1781 892 1831 921 secl
1851 892 1881 922 in

373 947 521 976 posterum
544 942 620 969 haud
638 948 740 969 temere
766 942 934 978 exspectari.
982 941 1131 970 Hel-clerus
1152 941 1174 969 l.
1191 951 1217 969 c.
1239 949 1304 977 pag.
1326 943 1379 969 288
1406 948 1433 969 et
1455 950 1522 977 297.
1544 942 1585 970 sic
1605 943 1770 971 sententiam
1792 943 1879 972 dixit:

376 1010 395 1028 ‚‚
415 992 464 1020 Ich
488 993 564 1020 halte
584 992 629 1020 die
650 992 881 1030 XVeissagungen
909 993 956 1022 des
985 994 1025 1022 A.
1047 993 1085 1021 T.
1108 993 1183 1022 noch
1207 992 1273 1020 nich
1297 991 1345 1020 fiir
1368 1001 1460 1029 ganz,
1490 994 1565 1021 noch
1593 994 1674 1022 nicht
1694 995 1748 1022 alle
1771 993 1821 1022 fiir
1840 1001 1883 1022 er-

375 1062 393 1079 „
415 1042 494 1073 fiillt.
531 1044 586 1072 Die
608 1045 692 1072 letzte
714 1044 923 1080 Entwicklung
946 1044 1037 1072 dieses
1060 1044 1174 1079 Volks,
1197 1052 1296 1072 unsrer
1318 1043 1451 1080 Religion
1469 1045 1528 1073 und
1546 1045 1614 1073 aller
1634 1045 1743 1074 Volker
1763 1044 1812 1073 der
1830 1044 1884 1073 Er-

379 1114 397 1129 „
418 1095 471 1130 de,
497 1104 578 1123 muss
601 1095 650 1123 das
675 1095 767 1132 Siegcl
792 1094 988 1131 aufdriicken,
1011 1096 1070 1124 und
1095 1096 1147 1125 den
1169 1098 1333 1132 grossesten
1356 1095 1460 1132 Erfolg
1483 1096 1644 1132 gewahren.
1692 1095 1739 1125 Sie
1764 1096 1885 1125 wurden

375 1165 395 1182 „
415 1147 581 1175 allmiihlich
604 1147 663 1175 und
683 1147 789 1183 kimmet
816 1147 904 1175 feiner
925 1147 1141 1184 abgewunden,
1162 1147 1206 1175 bis
1231 1146 1366 1176 Clu-istus
1391 1148 1426 1175 da
1453 1147 1556 1183 stand,
1586 1148 1645 1176 und
1664 1147 1780 1176 werden
1807 1146 1884 1176 einst

377 1217 397 1233 ,‚
417 1198 565 1234 allgemein
587 1199 628 1226 als
649 1198 711 1226 eine
731 1198 836 1226 Gottes
857 1198 983 1226 Absicht
1002 1200 1119 1228 erkannt
1140 1199 1268 1233 werden,
1289 1207 1373 1227 wenn
1399 1198 1440 1227 Er
1459 1199 1592 1228 kommen
1614 1199 1688 1227 wird
1704 1198 1757 1227 mit
1776 1197 1884 1226 seinem

377 1268 396 1284 „
416 1249 520 1277 Reich.
561 1249 690 1278 Alsdenn
714 1249 786 1277 wird
802 1250 944 1278 Niemand
959 1251 1037 1278 mehr
1055 1250 1176 1287 glauben
1193 1251 1314 1279 diii-fen:
1338 1252 1412 1280 deun
1432 1251 1506 1280 wird
1527 1252 1601 1280 ieder
1615 1251 1733 1287 fiihlen,
1755 1250 1884 1280 schmee-

378 1319 398 1335 ,‚
419 1300 473 1329 ken
502 1301 563 1329 und
591 1301 688 1329 sehen.
736 1301 809 1329 Ietzt
833 1302 886 1330 ists
917 1310 990 1337 nur,
1025 1303 1081 1331 wie
1110 1303 1151 1331 Er
1174 1303 1234 1331 und
1258 1303 1312 1330 alle
1342 1303 1465 1338 Apostel
1495 1311 1603 1338 sagen‚
1639 1301 1757 1338 Anfang
1789 1300 1883 1329 seines

378 1368 398 1384 5,
417 1351 544 1387 Reiehs,
565 1351 791 1388 Morgcnriitlie,
814 1353 914 1388 Keim,
937 1354 1072 1382 Aussaat.
1114 1354 1171 1382 Der
1187 1353 1267 1381 Sohn
1284 1353 1409 1389 Josephs
1432 1352 1498 1380 aber
1520 1352 1591 1380 wird
1611 1352 1653 1379 als
1677 1349 1757 1378 Sohn
1774 1348 1882 1378 Davids

379 1420 398 1435 aa
418 1400 572 1435 kommen,
592 1403 642 1431 das
663 1402 806 1432 Scnfkorn
827 1403 899 1432 wird
918 1404 1024 1439 Baum,
1051 1404 1096 1432 die
1117 1404 1195 1432 stille
1219 1404 1283 1432 Saat
1303 1404 1363 1431 eine
1384 1403 1591 1431 Freudenernte
1612 1400 1756 1429 werden.''
1794 1398 1834 1427 Et
1854 1398 1884 1426 id

374 1451 481 1487 passim
504 1459 600 1480 monet
629 1454 677 1481 Cl.
700 1464 757 1483 van
780 1454 832 1482 der
852 1455 955 1490 Palm,
983 1455 1010 1483 111
1033 1455 1261 1492 interpretatione
1283 1457 1463 1484 oraculorum
1481 1456 1609 1490 Jesaiae,
1636 1448 1798 1486 praesertim
1815 1459 1883 1479 vero

374 1501 404 1530 in
429 1502 676 1531 Annotationibus
697 1505 731 1531 ad
752 1505 825 1540 Cap.
844 1504 1056 1533 XL—LXVI.

413 1553 564 1582 Zacharias
587 1554 701 1589 quidem
724 1554 860 1583 Messium
886 1564 944 1584 non
966 1557 1059 1584 solum
1081 1556 1228 1593 depingit,
1256 1562 1392 1592 tanquam
1417 1556 1523 1592 Regem
1549 1555 1704 1588 illustrem,
1725 1552 1828 1581 fortem
1849 1560 1883 1581 ac

373 1604 578 1640 magnificum,
600 1614 697 1633 verum
718 1606 800 1634 ctiam
826 1614 959 1642 tanquam
982 1608 1139 1643 principem
1162 1608 1282 1642 salutis,
1314 1615 1458 1636 auctorem
1481 1606 1579 1634 veniae
1597 1611 1789 1641 peccatorum.
1832 1603 1882 1632 Li·

374 1662 419 1684 cet
435 1657 508 1684 enim
524 1657 653 1685 lubenter
668 1658 872 1692 concedamus,
894 1667 956 1686 eum
967 1679 976 1692 ‚
999 1658 1028 1685 in
1045 1657 1195 1685 tribuenda
1211 1658 1335 1686 Messiae
1352 1664 1493 1694 potestate
1512 1657 1569 1684 vim
1584 1662 1765 1691 pcccatorum
1781 1654 1882 1683 infrin—

375 1706 474 1743 gendi,
497 1715 523 1734 et
544 1708 751 1736 immunitatem
773 1717 788 1736 a
810 1708 909 1744 poeuis
932 1711 1113 1746 praestandi,
1140 1719 1199 1739 nou
1222 1720 1252 1739 ea
1277 1711 1371 1739 omnia
1395 1710 1524 1738 tenuisse
1553 1715 1601 1737 aut
1622 1709 1696 1735 clare
1720 1707 1881 1743 perspexis-

373 1765 424 1792 se,
445 1767 517 1793 quae
539 1759 671 1787 Servator
695 1760 815 1796 ejusque
838 1760 974 1796 Apostoli
994 1761 1127 1797 deinceps
1150 1763 1183 1790 de
1208 1762 1317 1790 ratione
1340 1761 1509 1790 obtinendae
1531 1766 1712 1796 peccatorum
1738 1757 1881 1786 remissio—

372 1807 418 1836 nis
441 1818 653 1846 exposuerunt,
681 1820 714 1839 ex
747 1811 780 1839 iis
804 1818 915 1845 tamen,
946 1821 1017 1847 quae
1044 1819 1182 1841 commate
1207 1822 1242 1849 77
1272 1813 1424 1849 leguntur,
1452 1821 1516 1841 vere
1542 1811 1610 1840 effici
1636 1818 1721 1847 posse
1748 1810 1880 1846 videtur,

371 1860 525 1890 Zachariae
549 1864 632 1898 piane
653 1872 818 1899 persuasum
843 1864 935 1892 fuisse
954 1865 988 1893 de
1014 1873 1123 1893 morum
1145 1865 1308 1901 corruptela
1333 1864 1551 1899 animorumque
1575 1870 1601 1891 et
1626 1862 1786 1891 studiorum
1808 1862 1881 1891 inter

374 1913 527 1944 populares
556 1922 644 1949 suos,
674 1923 761 1949 acque
786 1922 873 1950 atque
893 1917 968 1951 apud
995 1917 1062 1946 alias
1086 1924 1202 1953 gentes,
1228 1915 1430 1952 perversitate,
1459 1920 1486 1942 et
1509 1914 1543 1942 de
1570 1913 1758 1950 impetrandae
1781 1921 1795 1941 a
1815 1913 1879 1941 Deo

373 1960 479 1996 gratiae
503 1965 687 2000 ssew-stiram,
709 1972 833 2000 eumque
852 1966 951 2001 ἄφεην
977 1969 1139 2005 ἁμαρτιῶν,
1165 1976 1220 2003 qua
1241 1975 1381 1996 summam
1404 1965 1567 1995 felicitatem
1588 1964 1728 1994 contineri
1746 1963 1876 1996 censuit,

1802 2010 1881 2039 Mes·
