1940 2474
289 168 339 212 66·
528 171 667 207 H.'C.
729 154 1013 205 vrx131n
1074 169 1252 204 ΒοοΝ
1316 171 1553 212 Missua,

341 272 370 300 3.
398 260 592 290 Notissimum
617 266 675 295 ρει,
701 266 800 288 terram
824 261 975 288 calcar-eam
999 267 1096 295 magna
1119 259 1148 287 vi
1173 258 1283 287 acidum
1310 259 1495 288 carbouicum
1521 265 1653 296 appetere
1669 281 1678 296 ‚
1711 260 1812 298 majori

307 314 420 352 quidem
440 320 524 348 quam
545 312 590 340 aet
605 311 876 347 Atmosphaericus:
909 311 1074 345 quicunque
1099 309 1406 346 interim'ingrcdiatur
1433 311 1628 346 receptacula,
1658 311 1688 340 in
1706 312 1814 347 quibus

306 373 379 393 terra
393 364 514 392 calcarea
533 362 656 390 caustica
675 368 819 395 servatur,
842 361 866 389 is
882 361 909 388 in
925 361 984 388 aere
997 360 1099 388 horum
1115 362 1360 397 receptaculorum
1376 370 1435 390 non
1458 361 1554 397 aliter,
1576 370 1660 397 quam
1677 362 1707 391 in
1728 363 1814 391 ¹cellis
1839 384 1845 385 γ

302 415 423 444 vinariis
447 420 473 442 et
495 412 680 442 cerevisiariis
711 413 746 440 ad
772 420 891 446 quarum
922 411 1054 439 interiora
1078 418 1156 440 tanta
1187 413 1274 449 hujus
1311 412 1383 440 acidi
1410 413 1494 448 copia
1523 412 1696 448 effunditur,
1727 413 1814 449 hujus

308 475 377 502 0501
408 472 515 501 partem
541 470 670 500 reperiet.
714 463 795 491 Pater
821 462 858 490 ita
890 463 978 490 aerem
1010 462 1282 498 Atmosphaericum
1323 463 1433 492 acidum
1464 464 1649 493 carbonicum
1676 464 1710 492 ab
1734 463 1814 493 omni

306 524 386 555 parte
402 525 501 553 magna
515 516 543 544 vi
561 515 713 549 attrahere,
736 514 760 541 si
777 515 837 550 ejus
856 514 939 549 copia
954 515 1026 543 ultra
1041 514 1222 543 centesimam
1239 522 1346 551 partem
1367 514 1529 551 minuatur,
1551 522 1649 544 contra
1673 522 1740 544 vero
1758 514 1816 542 hoc

307 569 468 606 expellere,
485 567 510 596 si
534 568 608 594 ultra
629 565 810 594 centesimam
835 565 984 600 acceperit.

347 629 377 655 4.
407 618 562 655 Repleatur
580 617 728 653 cylindrus
749 615 873 650 vin-eus,
904 616 1083 652 longitudine
1097 618 1115 645 6
1136 618 1239 653 pedum
1260 617 1338 646 verb.
1365 624 1456 653 grat.‚
1487 618 1547 646 acre
1564 616 1818 654 Atmosphaerico.

306 671 482 707 Apponatur
504 669 653 697 vasculum
673 676 745 703 aqua
763 669 899 703 repletum
923 669 956 697 ad
970 674 1075 704 partem
1093 668 1275 704 inferiorem,
1298 669 1348 697 tali
1362 669 1448 697 modo
1468 669 1547 705 quali
1569 670 1603 698 de
1624 668 1708 705 copia
1728 674 1819 703 aquae

309 721 469 758 deperditae
492 720 586 756 possit
607 725 748 747 constare.

353 772 495 808 Cylindro
521 771 555 799 ad
576 777 683 807 partem
711 770 885 806 superiorem
910 772 1028 806 clauso,
1056 772 1101 799 aei·
1126 771 1181 801 sibi
1206 771 1398 807 relinquatur,
1420 778 1448 800 et
1476 777 1594 800 notetur
1614 770 1659 799 vis
1685 777 1820 806 evapora-
1857 796 1859 799 .

310 823 413 852 tionis.

348 875 451 902 Postea
468 881 501 901 ex
519 878 596 908 parte
617 871 755 907 superiori
777 872 863 907 liujus
884 872 1006 907 cylindri
1034 874 1224 907 suspendatur
1247 874 1395 902 vasculum
1413 873 1533 901 muriate
1554 872 1639 902 caleis
1662 873 1821 908 repletum,

309 924 330 953 i.
356 932 381 952 e.
405 931 524 958 corpore
548 931 636 957 aquae
655 921 840 957 avidissimo,
863 922 1021 958 majorique
1046 922 1075 950 vi
1094 931 1177 951 unam
1197 930 1306 959 partem
1332 924 1513 952 centesimam
1534 932 1623 959 aquae
1642 923 1817 957 attrahente,

309 982 394 1011 quam
421 974 465 1001 aer
483 973 581 1001 trahit.

346 1024 478 1053 Effectus
495 1031 538 1053 est
565 1025 644 1060 quod
676 1023 841 1060 evaporatio
871 1032 959 1059 aquae
985 1033 1035 1060 per
1058 1025 1076 1052 6
1094 1026 1179 1061 pedes
1203 1034 1217 1053 c
1242 1026 1406 1053 summitate
1431 1025 1568 1054 distantes
1599 1026 1640 1054 sic
1667 1023 1819 1061 insigniter

306 1082 460 1112 augeatur:
485 1075 552 1103 haec
577 1082 670 1103 autem
692 1082 774 1103 aucta
797 1074 961 1110 evaporatio
981 1083 1039 1103 non
1067 1084 1167 1112 posset
1183 1077 1330 1111 obtinere,
1359 1076 1417 1105 nisi
1449 1077 1494 1105 aer
1523 1076 1638 1112 propria
1661 1084 1735 1111 aqua
1759 1074 1818 1110 pri-

310 1133 396 1156 vatus
418 1134 517 1162 magna
542 1135 630 1162 eaque
655 1126 684 1155 vi
709 1126 845 1155 Chcmica
874 1135 975 1162 aquam
1002 1128 1162 1156 attraheret.
1211 1128 1257 1156 Ex
1276 1128 1405 1163 quibus,
1432 1128 1460 1156 ni
1484 1127 1589 1162 fallor,
1618 1126 1822 1160 confirmatur,

310 1185 338 1206 ι.
362 1177 500 1213 principia
522 1178 592 1206 aeris
613 1178 843 1214 Atmospliaerici
868 1185 943 1206 certa
973 1179 1094 1213 quadam
1124 1178 1153 1206 vi
1177 1179 1321 1207 affinitatis
1353 1180 1427 1207 inter
1450 1187 1480 1207 se
1506 1180 1672 1207 cohaerere:
1704 1187 1732 1205 2.
1760 1183 1821 1204 eam

308 1228 469 1256 affinitatem
497 1228 662 1257 Chemicam
695 1229 743 1256 illa
777 1229 964 1265 proportione
1000 1229 1128 1257 omnium
1162 1237 1224 1258 esse
1256 1230 1502 1266 efficacissimam,
1532 1239 1588 1266 qua
1615 1230 1661 1258 aiir
1689 1234 1822 1257 nostrum

287 1305 289 1307 .
309 1280 452 1317 planetam
478 1279 658 1307 circumdans
677 1279 876 1308 constituitur.

348 1330 474 1366 Apparet
497 1330 595 1365 quanti
620 1330 756 1358 momenti
776 1330 814 1357 sit
837 1329 904 1358 haec
921 1330 966 1358 vis
990 1331 1023 1358 ad
1047 1330 1248 1365 aequilibrium
1268 1338 1453 1359 memoratum
1479 1331 1687 1367 principiorum
1706 1330 1824 1358 Atmos-

311 1381 435 1417 phaerae
467 1382 655 1416 servandum3
686 1381 767 1409 debet
790 1380 833 1408 vis
860 1381 970 1416 opponi
1001 1388 1094 1410 tantae
1123 1382 1295 1417 quorumvis
1321 1382 1476 1410 mediorum
1503 1383 1547 1417 vi,
1575 1391 1647 1417 quae
1675 1388 1723 1410 aut
1745 1381 1826 1417 prin-

315 1432 391 1467 cipia
409 1440 441 1459 ex
456 1432 664 1466 Atmospliacra
686 1432 819 1467 rapiunt,
842 1439 891 1459 aut
914 1432 980 1460 haec
1004 1432 1119 1460 uberius
1138 1440 1250 1467 creant;
1274 1434 1430 1461 attrahatur
1454 1433 1525 1460 illud
1546 1433 1620 1461 vitae
1639 1433 1777 1469 pabulum
1799 1438 1829 1460 et

314 1483 422 1518 plantis
445 1489 471 1510 et
495 1482 666 1511 animalibus
688 1482 879 1518 oxygenium.,
908 1489 935 1510 et
958 1491 1024 1511 mox
1049 1491 1148 1511 omnes
1172 1483 1245 1511 vires
1264 1483 1385 1512 intendit
1415 1484 1622 1519 Atmospliaera
1642 1484 1769 1519 reliqua,
1793 1489 1828 1512 ut

311 1533 369 1561 hoc
390 1533 565 1569 principium
585 1533 619 1561 ab
644 1533 721 1561 omni
743 1540 823 1569 parte
849 1533 957 1569 rapiat,
989 1540 1075 1569 atque
1101 1534 1139 1561 ita
1156 1533 1318 1569 disruptum
1343 1534 1547 1570 aequilibrium
1571 1535 1714 1563 restituat.
1755 1534 1827 1563 Nou

312 1583 396 1612 aliter
413 1593 445 1612 ac
461 1591 577 1620 potassa
599 1593 632 1612 ex
666 1593 708 1621 gr.
732 1591 841 1612 tantum
864 1593 953 1620 aquae
975 1584 1112 1619 assumit,
1136 1591 1245 1620 quanto
1271 1585 1398 1621 indiget,
1427 1592 1457 1614 ut
1480 1586 1567 1622 hujus
1586 1593 1666 1614 satur
1688 1586 1747 1614 fiat.

354 1634 497 1669 Assurgat
516 1635 550 1662 ab
570 1635 647 1663 omni
672 1642 748 1670 parte
771 1636 871 1669 inatus
901 1636 972 1664 acidi
1002 1635 1146 1664 carbonici
1171 1636 1274 1671 copia,
1302 1645 1361 1664 non
1385 1637 1452 1665 hacc
1482 1638 1541 1665 aere
1568 1638 1664 1665 soluta
1695 1642 1824 1671 tenetur3

312 1684 395 1713 brevi
420 1685 461 1712 sic
486 1693 580 1713 actum
603 1685 677 1712 foret
700 1686 734 1712 de
763 1686 820 1714 vita
844 1687 1002 1722 plantarum
1029 1694 1055 1715 et
1077 1686 1252 1715 animalium.
1296 1688 1371 1716 Cum
1405 1687 1501 1723 itaque
1519 1696 1577 1716 non
1598 1689 1696 1716 habeat
1714 1687 1831 1715 affinita-

319 1741 376 1764 tem
400 1735 605 1771 Atmosphaera
630 1744 694 1764 cum
717 1743 793 1764 tanta
823 1737 893 1765 acidi
919 1738 1064 1766 carbonici
1088 1739 1190 1774 copia,
1219 1747 1276 1767 non
1306 1739 1386 1767 aliter
1413 1742 1527 1775 potest,
1558 1739 1627 1774 quin
1657 1739 1831 1774 expallatur,

321 1787 419 1814 codem
440 1787 526 1815 modo
549 1796 607 1822 quo
629 1787 739 1815 acidum
765 1788 947 1817 mur-iaticum
960 1810 969 1822 .,
992 1789 1016 1817 si
1042 1798 1107 1817 cum
1133 1790 1202 1819 soda
1225 1790 1271 1818 vel
1292 1790 1348 1818 alio
1366 1798 1487 1826 corpore
1507 1797 1665 1819 satu-ratum
1685 1796 1747 1825 est,
1767 1797 1830 1818 cae·

322 1842 408 1866 teram
427 1838 524 1866 sodam
546 1838 661 1874 expellit
685 1839 876 1875 intactamque
898 1841 1048 1876 relinquit.

1025 1918 1054 1953 g.
1094 1918 1144 1954 69.

363 1989 411 2019 Ad
436 1990 508 2018 hanc
527 1990 686 2020 affinitatem
709 1993 815 2022 accedit
836 1994 953 2021 alterum
975 1994 1100 2022 medium
1124 1994 1199 2023 haud
1223 1994 1318 2023 minus
1341 1994 1455 2029 efficax,
1476 1995 1588 2023 diversa
1611 1993 1745 2023 nimirum
1769 2001 1830 2030 ἕνα·

323 2039 398 2070 vitas
423 2041 557 2078 specifica
577 2043 786 2081 principiorum
814 2044 1066 2074 constituentium.
1105 2045 1148 2075 Ita
1173 2046 1248 2075 enim
1269 2045 1396 2076 Naturae
1423 2054 1547 2082 corpora
1565 2052 1634 2075 sunt
1653 2044 1830 2080 constituta,

1800 2099 1836 2125 ut
