1940 2474
526 160 1050 195 COMMENTATto
1114 160 1391 192 MEDICA.
1512 158 1514 160 ’
1669 160 1712 203 115

198 259 244 279 rae
263 250 367 279 virium
390 255 487 285 patet,
509 249 538 278 in
563 251 665 278 oculos
684 246 821 281 incurrit,
847 255 996 274 causarum
1019 245 1111 274 morbi
1131 246 1302 274 scrutinium
1323 247 1423 275 debere
1444 255 1474 275 se
1493 247 1639 287 extendere
1660 255 1707 276 us-

197 310 255 337 que
275 302 310 330 ad
327 301 464 329 rationem
480 300 596 328 unionis
615 299 826 336 principiorum
842 298 972 334 corporis
991 298 1062 327 vivi.
1103 297 1136 325 In
1151 299 1253 326 oculos
1271 299 1375 334 pariter
1396 294 1532 335 incur-tif,
1554 299 1707 335 hucusque

196 362 284 389 posse
308 351 439 389 progredi
460 351 490 379 in
515 350 657 380 scrutinio
676 359 730 380 suo
753 349 898 384 medicos,
920 349 970 377 sed
989 348 1036 376 hic
1058 347 1145 376 etiam·
1165 348 1267 381 debere
1288 348 1463 385 subsistere,
1483 357 1536 378 nec
1558 350 1637 378 ultra
1647 358 1708 384 esse

196 404 387 441 evagandum.
668 432 671 433 ⁷
1002 406 1005 409 '

197 472 202 476 -
235 454 346 483 Ultima
366 455 441 482 enirn
463 455 535 483 ratio
558 455 620 491 ejus
643 460 755 488 status,
777 453 828 488 qui
849 452 981 482 morbum
1004 451 1115 481 inducit
1124 473 1139 487 ‚,
1156 458 1201 480 est
1220 452 1250 481 in
1271 453 1378 487 modo,
1401 461 1460 488 quo
1480 452 1623 489 principia
1643 461 1707 482 cor-

196 505 277 541 poris
296 506 533 542 conjunguntur,
557 506 635 534 unde
653 511 733 533 totus
755 504 874 533 morbus
897 503 982 531 unice
1001 504 1117 539 pendet.

236 557 360 586 Seminia
378 557 546 594 morborum
577 556 660 584 unice
681 555 711 585 in
724 555 939 591 compositione
954 555 1108 591 specifica,
1125 557 1172 585 vei
1184 556 1276 585 totius
1299 558 1448 593 corporis,
1471 559 1516 587 vel
1534 558 1712 595 singularum

196 612 322 647 partium
344 612 453 641 morbis
475 611 665 640 obnoxiarum
688 611 812 639 haerent.
855 609 925 638 Non
943 617 1010 645 ergo
1032 614 1170 644 poterunt
1194 608 1335 645 intelligi,
1365 609 1437 644 quin
1460 609 1532 638 ratio
1553 611 1614 646 ejus
1636 618 1713 640 com·

196 663 354 698 positionis
379 663 575 699 intelligatur,
594 669 621 691 et
635 670 827 699 progressus,
850 668 925 696 quos
947 658 981 687 ab
1003 659 1064 687 hac
1087 666 1166 695 parte
1181 660 1351 696 Pathologia
1374 660 1529 696 aliquando
1550 662 1642 689 facere
1661 670 1715 697 po-

197 715 283 750 terit,
305 723 389 744 erunt
408 715 490 743 unice
509 715 539 743 in
556 715 665 743 ratione
688 717 916 751 progressuum,
939 719 1014 747 quos
1041 709 1146 739 facient
1167 709 1271 738 medici
1293 711 1324 739 in
1347 711 1514 747 cognitione
1534 711 1612 741 modi
1632 711 1715 741 unio-

198 767 244 795 nis
263 766 475 802 principiorum
496 775 618 802 corpora
632 766 698 794 viva
720 763 973 793 constituentium.

236 817 276 845 Et
306 819 385 852 quod
408 817 509 845 attinet
531 818 565 845 ad
593 815 737 852 potentias
762 820 918 849 nocentes,
947 812 1019 850 qu'ae
1045 813 1173 842 seminiis
1197 814 1396 850 praesentibus
1430 815 1548 843 morbos
1571 815 1716 851 efficiunt,

198 868 250 895 hae
270 867 383 896 aliunde
411 875 551 904 poterunt
578 867 738 903 cognosci3.
763 867 812 894 sed
834 873 906 901 quae
927 865 967 893 sit
992 865 1064 892 inter
1090 865 1153 892 illas
1177 865 1248 893 ratio
1271 872 1298 893 et
1321 865 1394 893 inter
1415 866 1552 901 seminia,
1579 867 1634 896 hoc
1653 874 1716 903 est,

199 918 270 954 qnid
285 918 449 955 contingat,
462 919 511 946 ubi
525 919 588 946 data
598 918 728 954 potentia
744 925 869 951 nocens,
881 916 911 944 in
924 917 1021 944 datum
1039 915 1192 944 seminium
1206 924 1303 952 agens,
1316 922 1423 945 certum
1438 918 1569 946 morbum
1585 918 1715 955 generat,

196 969 283 997 unice
302 978 402 998 rursus
419 969 594 1006 intelligetur
609 977 643 997 ex
659 969 777 1005 cognita
791 968 919 1003 ratione,
941 969 999 1003 qua
1011 975 1046 995 ex
1059 967 1210 1003 principiis
1221 967 1394 1004 inorganicis
1409 969 1540 1005 organica
1557 976 1714 998 struantur.

235 1021 325 1058 Quod
356 1021 381 1049 si
408 1029 475 1058 ergo
502 1027 671 1056 quaeratur,
703 1021 816 1055 qualem
847 1028 931 1048 usum
959 1019 1049 1047 thesis
1079 1018 1257 1053 quaestionis
1282 1020 1443 1055 praesentis
1467 1020 1501 1048 in>
1527 1020 1658 1050 doctrina
1681 1021 1717 1050 de

195 1072 292 1101 causis
317 1073 486 1101 morborum
513 1072 634 1106 habeat,
664 1072 843 1112 respondeo,
869 1071 949 1107 quod
973 1070 1068 1099 omnis
1095 1070 1281 1103 seminiorum
1306 1071 1437 1107 cognitio
1461 1072 1604 1107 exquisita
1631 1073 1712 1110 iuxta

195 1123 373 1152 intellectum
395 1124 492 1159 modi,
515 1132 574 1159 quo
593 1123 738 1159 potentiae
760 1129 897 1151 nocentes
916 1122 1032 1159 possint
1050 1121 1168 1150 seminia
1188 1122 1326 1157 excitare,
1347 1122 1382 1150 ab
1403 1131 1435 1151 ea
1455 1124 1583 1159 pendeat.

185 1195 192 1199 -
235 1175 430 1210 Communia,
458 1184 488 1203 v.
506 1184 535 1212 g.
558 1173 726 1203 morborum
751 1174 872 1203 seminia
893 1173 924 1202 in
949 1172 1133 1205 determinata
1158 1173 1282 1209 partium
1306 1174 1477 1203 cohaesione
1503 1183 1639 1211 nexuque
1659 1184 1712 1212 po-

197 1227 270 1262 sita,
300 1235 454 1256 succorum
476 1226 569 1261 crasi,
594 1226 735 1254 canalium
765 1226 941 1261 aliarumque
969 1224 1094 1260 partium
1123 1224 1321 1260 mollitudine,
1351 1225 1525 1261 subtilitate,
1552 1226 1712 1259 sensilitate

194 1285 224 1307 et
243 1286 316 1314 quae
333 1278 388 1306 alia
407 1278 485 1314 apud
506 1277 617 1305 Illustr.
642 1277 789 1308 Gaubium
809 1277 875 1314 (9)
897 1283 1053 1305 memorata.
1075 1276 1132 1304 huc
1160 1275 1323 1311 pertinent,
1343 1276 1398 1304 hac
1421 1277 1486 1311 sola
1507 1278 1594 1310 causta
1611 1277 1711 1313 cogni-

195 1336 242 1364 ta,
264 1335 400 1365 poterunt
419 1328 569 1365 cognosci.
586 1347 590 1351 -
1393 1335 1398 1338 “
1662 1357 1664 1359 .

232 1380 338 1408 Pariter
356 1380 413 1408 hue
435 1379 578 1415 pertinent
604 1380 724 1409 seminia
741 1380 881 1410 naturalia
898 1379 1035 1416 propria,
1063 1386 1092 1408 et
1112 1379 1256 1415 quidquid
1279 1387 1294 1406 a
1316 1385 1556 1414 temperamento,
1585 1387 1601 1407 a
1622 1388 1712 1415 sexu,

195 1430 230 1458 ab
251 1430 487 1467 'lsioavynpaelqh
507 1431 678 1464 privataque
699 1432 824 1465 partium
842 1431 1022 1466 singularum
1044 1430 1233 1465 habitudine,
1256 1435 1355 1464 potest
1381 1430 1496 1458 deduci.
1535 1429 1611 1458 Idem
1637 1436 1711 1458 certe

196 1482 291 1516 valet,
313 1480 408 1516 quoad
433 1479 602 1508 morborum
622 1480 759 1516 seminia,
782 1488 855 1516 quae
877 1490 892 1509 a
914 1481 1027 1509 Gaubio
1050 1487 1158 1517 praeter
1179 1486 1308 1508 naturam
1331 1488 1393 1509 esse
1415 1480 1562 1509 dicuntur.

234 1531 314 1560 Idem·
335 1531 430 1566 quoad
450 1530 594 1565 potentias
615 1538 750 1560 nocentes
773 1533 858 1560 valet.
912 1532 954 1561 Ut
978 1532 1052 1560 enim
1072 1532 1249 1568 intelligatur
1275 1532 1400 1566 modus,
1430 1540 1489 1567 quo
1519 1532 1561 1560 sic
1585 1541 1630 1561 res
1652 1540 1712 1561 non

195 1583 337 1611 naturales
365 1581 517 1610 sanitatem¹
540 1582 655 1617 possint
681 1583 814 1618 turbare,
844 1583 946 1618 utique
972 1589 1016 1611 est
1042 1582 1252 1618 dirimendum,
1280 1589 1378 1611 utrum
1405 1583 1533 1612 affinitati
1559 1583 1712 1612 Chemicae

196 1634 269 1662 inter
289 1633 465 1663 substantias
485 1632 515 1661 in
537 1642 644 1670 corpus
667 1640 781 1670 agentes
800 1636 887 1663 locus
909 1634 966 1670 sit,
988 1642 1024 1662 an
1044 1642 1114 1662 vero
1133 1633 1180 1669 vi,
1202 1641 1274 1670 quae
1296 1642 1348 1670 per
1365 1634 1527 1671 singulares
1545 1635 1620 1663 vitae
1643 1642 1712 1663 con-

195 1684 318 1713 ditiones
340 1683 474 1712 effectum
494 1684 641 1712 sortiatur.

190 1758 195 1762 .
235 1735 290 1763 Sed
309 1735 378 1764 dum
401 1735 442 1763 ita
462 1735 562 1764 videor
582 1735 733 1772 affirmare,
763 1742 873 1765 tantum
899 1745 953 1765 nos
976 1737 1010 1766 de
1028 1736 1151 1773 genuina
1177 1736 1364 1765 seminiorum
1387 1738 1488 1765 natura
1506 1742 1534 1764 et
1555 1736 1589 1764 de
1614 1742 1713 1771 poten-

196 1787 299 1814 tiarum
321 1786 487 1815 nocentium
508 1787 608 1823 agendi
630 1787 740 1816 ratione
762 1796 957 1824 cognoscere,
979 1794 1121 1824 quantum
1144 1787 1296 1823 novimus,
1320 1790 1377 1823 qua
1400 1787 1428 1815 vi
1449 1787 1591 1823 principia
1608 1796 1711 1824 corpo-

196 1846 259 1866 rum
278 1837 479 1874 organicorum
500 1838 572 1867 inter
591 1847 622 1867 se
642 1839 700 1868 sint
720 1840 839 1876 juncta,
868 1838 942 1868 forte
963 1839 1028 1875 quis
1042 1840 1176 1874 statuet,
1202 1847 1246 1868 me
1267 1845 1366 1868 contra
1388 1838 1500 1868 Gaubii
1521 1838 1606 1878 (ιο)
1632 1846 1713 1875 prae-

196 1895 312 1924 ceptum
333 1897 469 1925 peccare,
491 1890 572 1926 quod
593 1896 757 1926 sequentem
775 1890 805 1920 In
826 1891 943 1921 modum
956 1891 1171 1932 propositum:
1679 1926 1698 1954 I

1696 1936 1714 1955 n

225 1993 275 2021 (9)
293 1994 358 2015 caah.
380 1993 396 2013 Ι.
414 1994 429 2014 Ι.
453 1991 474 2021 S.
490 1995 532 2020 6c9
548 2000 596 2022 sqq.

225 2033 287 2063 (ιο)
305 2035 375 2056 Gaub.
397 2034 442 2056 ¹.1.
467 2033 488 2062 ς.
504 2036 542 2059 ³⁶·
989 2062 1011 2090 F
1033 2071 1049 2098 ⁸
