1960 2500
341 190 388 226 52
801 180 1022 217 ivm
1079 175 1416 217 voons'r

390 287 468 324 Nec
507 282 624 319 solum
653 276 813 315 scholas
834 276 1003 314 habendo
1039 285 1073 313 et
1100 278 1292 325 dictando,
1332 279 1562 329 diversisque
1595 293 1677 319 cum
1702 282 1863 332 publicis

342 359 420 388 mm
445 345 601 431 privatj's
628 341 860 378 instituendis
879 340 1223 387 exercitationibus,
1251 343 1295 377 de
1321 343 1514 391 discipulis
1537 345 1615 379 suis
1636 347 1768 394 optime
1786 359 1862 383 me-

342 412 436 456 ruit,
466 407 529 443 sed
572 404 717 453 scriptis
748 403 902 452 egregiis
929 403 1140 438 memoriam
1176 406 1421 452 perpetuavit.
1480 405 1629 442 Praeter
1655 406 1866 444 Orationem

344 471 622 520 Groninganam
653 475 687 502 et
707 466 868 515 quinque
895 466 1112 510 Leidenses,
1141 465 1176 500 in
1206 467 1390 503 studiosae
1414 468 1614 515 juventutis
1633 480 1743 503 usum
1762 468 1865 504 The-

341 548 400 573 ses
427 534 587 571 selectas
615 530 717 566 Juris
748 528 956 564 Hollandici
989 536 1024 564 et
1063 527 1252 564 Zelandici
1292 529 1434 576 edidit,
1463 530 1599 578 quibus
1638 541 1865 567 HUGONIS

343 606 526 635 GROTII
559 592 861 630 Introductionem
895 590 941 627 ad
976 591 997 626 J
1002 591 1310 640 urisprudentiam
1345 592 1600 629 Hollandieam
1634 593 1863 638 illustravit,

343 669 379 698 et
401 659 516 696 multa
545 657 590 693 ad
625 656 720 692 hanc
750 654 853 690 suris
883 662 1024 702 partem
1051 655 1247 703 spectantia
1276 653 1428 699 addidit.
1492 654 1596 699 Quae
1622 655 1791 704 insuper,
1819 654 1866 690 ad

341 785 479 832 scripta
497 781 672 830 reliquit,
701 793 746 816 ex
763 779 889 828 optimi
916 779 998 816 Viri
1019 779 1206 815 voluntate
1236 779 1485 817 Bibliothecae
1507 780 1747 817 Academicae
1771 781 1866 821 dono

341 847 426 883 data
451 853 545 881 sunt.

345 933 349 936 v
389 907 608 946 Academiae
628 907 887 954 Groninganae
909 906 1017 943 semel
1037 905 1110 943 fuit
1133 907 1287 952 Hector,
1316 905 1496 956 Lugduno
1516 906 1678 945 Batavae
1696 915 1771 954 ter,
1800 906 1867 944 ubi

343 979 378 1007 et
397 969 546 1006 Senatui
575 968 635 1003 bis
667 968 814 1003 fuit¹ab
848 969 949 1003 actis.
1002 969 1047 1004 ln
1075 968 1253 1004 tribunali
1279 970 1497 1006 Academico
1525 971 1696 1006 Leidensi
1714 970 1868 1006 sedecim

341 1045 453 1070 annos
472 1031 606 1080 judicis
627 1043 818 1079 personam
842 1030 1028 1066 sustinuit.
1082 1030 1126 1066 ln
1149 1024 1368 1066 Senatorum
1390 1031 1629 1068 conventibus
1657 1032 1796 1067 ordinis
1813 1040 1866 1067 te-

339 1108 485 1141 nacem,
512 1095 550 1130 in
571 1093 708 1141 judicio
717 1093 930 1142 prudentem
940 1122 953 1139 ,
981 1094 1020 1130 in
1038 1092 1208 1130 omnibus
1228 1093 1274 1129 ad
1293 1106 1366 1128 rem
1381 1094 1638 1131 Academicam
1656 1092 1870 1142 pertinenti-

337 1157 409 1195 bus
429 1157 548 1194 causis
568 1156 717 1206 agendis
740 1155 985 1201 indefessum,
1015 1157 1060 1192 ad
1084 1156 1364 1192 conscribendas
1395 1167 1519 1192 earum
1547 1156 1706 1191 rationes
1727 1165 1868 1203 semper

339 1228 532 1270 paratum,
559 1219 598 1255 in
619 1218 849 1255 vindicandis
876 1211 990 1266 hujus
1012 1218 1230 1255 Academiae
1255 1218 1403 1268 juribus
1438 1225 1681 1265 constantem,
1711 1225 1745 1254 et
1771 1217 1869 1255 omni

339 1290 443 1330 parte
467 1282 506 1317 in
525 1277 637 1315 rebus
655 1279 832 1316 consultis
850 1288 883 1316 et
899 1281 1097 1328 propositis
1120 1281 1268 1317 firmum
1286 1294 1325 1317 se
1342 1280 1529 1330 praebuit.

386 1344 437 1379 At
466 1356 553 1378 cave
573 1341 721 1387 credas,
750 1350 891 1378 tantum
921 1343 1112 1380 literarum
1139 1345 1274 1381 studiis
1303 1353 1337 1381 et
1367 1345 1526 1394 publicis
1553 1344 1692 1380 meritis
1728 1353 1868 1389 xmus·-

340 1418 391 1441 sn
404 1417 520 1441 LIUM
540 1413 704 1440 nostrum
725 1405 956 1451 excelluisse,
1008 1406 1062 1442 Ea
1086 1409 1178 1443 enim
1196 1407 1267 1443 fuit
1290 1406 1492 1455 probitate,
1524 1419 1637 1455 eoque
1654 1406 1763 1441 animi
1781 1417 1867 1441 can-

341 1468 446 1514 dore,
476 1475 530 1512 et,
559 1466 655 1516 quod
672 1466 716 1502 de
732 1468 832 1503 Aulo
854 1468 1012 1504 Caecina
1032 1470 1126 1506 dixit
1156 1481 1234 1506 c1c
1247 1483 1340 1507 nno
1351 1500 1363 1517 ,
1393 1473 1450 1506 ita
1458 1473 1586 1519 justus
1605 1478 1642 1505 et
1662 1470 1773 1505 bonas
1791 1470 1863 1514 vir,

340 1538 382 1566 ut
410 1538 566 1574 natura,
596 1541 665 1564 non
695 1529 892 1579 dimfflz'na
906 1558 919 1576 ,
949 1533 1130 1568 consultas
1160 1546 1234 1568 esse
1262 1534 1466 1569 videretur.
1528 1531 1577 1568 Et
1596 1544 1686 1568 vero
1709 1531 1870 1567 omnium

340 1591 519 1628 virtutum
539 1591 647 1626 laude
669 1591 717 1626 ita
741 1600 896 1627 ornatus
916 1593 985 1628 suit
999 1622 1011 1639 ,
1042 1603 1081 1630 ut
1100 1595 1169 1631 hac
1189 1597 1406 1644 praesertim
1423 1603 1528 1644 parte
1546 1607 1628 1630 cum
1647 1594 1737 1630 viris
1758 1606 1867 1642 prae-

340 1655 572 1690 stantissimis
599 1654 864 1701 comparandus
895 1664 1001 1692 esset.
1054 1657 1186 1705 Neque
1216 1659 1344 1694 aetatis
1372 1666 1513 1694 tantum
1542 1656 1668 1692 senilis
1687 1652 1776 1691 haec
1797 1655 1869 1691 fuit

341 1715 447 1761 laus,
477 1716 538 1752 sed
555 1727 619 1764 per
638 1723 748 1751 totam
766 1716 879 1752 vitam
903 1717 985 1753 inde
1007 1732 1026 1753 a
1048 1718 1276 1766 juvenilibus
1303 1721 1429 1766 annis,
1459 1728 1500 1756 ut
1518 1719 1703 1767 justitiae,
1732 1726 1869 1766 tempe-

341 1778 479 1815 rantiae
499 1807 509 1821 ,
546 1778 834 1815 mansuetudinis
877 1781 1104 1816 etomnium
1134 1782 1279 1817 omnino
1313 1781 1494 1818 virtutum
1527 1781 1711 1826 studium,
1755 1779 1804 1815 ita
1830 1785 1866 1816 et

344 1841 522 1875 sincerum
550 1840 754 1890 Religionis
788 1853 944 1876 amorem
973 1843 1206 1878 manifestum
1229 1843 1334 1888 fecit,
1373 1851 1406 1879 et
1430 1857 1474 1879 ex
1500 1843 1568 1878 hoc
1599 1843 1696 1878 sonte
1718 1841 1864 1876 „ductam

339 1904 506 1952 pietatem
525 1916 608 1952 erga
629 1904 750 1940 Deum
766 1904 815 1941 ita
836 1908 1019 1951 exercuit,
1049 1914 1088 1941 ut
1107 1906 1200 1942 inter
1220 1904 1412 1954 religiosos
1440 1914 1474 1941 et
1501 1905 1661 1954 integros
1680 1902 1865 1939 Ecclesiae

342 1966 440 2000 cives
461 1966 656 2014 principem
679 1974 814 2002 teneret
835 1966 967 2002 locum.

393 2024 463 2060 Per
480 2026 605 2074 plures
630 2040 716 2071 vcro
733 2039 869 2075 aun08‚
897 2036 937 2065 ut
965 2028 1060 2065 vitae
1079 2030 1291 2077 universae,
1319 2030 1370 2067 ita
1389 2037 1421 2066 et
1449 2003 1595 2069 virtutis
1632 2028 1765 2066 sociam
1793 2025 1862 2060 ha-

989 2100 995 2103 ’
1783 2086 1866 2127 buit
