1940 2474
297 156 341 196 1ῐο
563 150 721 186 JANI
785 149 1150 182 THEODORI
1215 147 1552 182 BERGMAN

301 244 351 272 ria
372 242 407 271 de
426 238 670 274 Inscriptionibus
692 238 801 275 egregie
828 236 987 274 disputavit
1010 236 1043 265 P.
1057 236 1094 265 II.
1124 244 1151 264 c.
1171 245 1207 271 2,
1229 236 1264 264 de
1286 235 1422 266 Numinis
1445 244 1472 265 c.
1488 246 1521 272 4,
1560 237 1596 266 ad
1621 244 1693 273 quae
1712 235 1809 273 capita

299 293 349 324 eff.
373 299 489 329 quoque
507 289 659 319 Eum-sus
681 289 825 318 Martini.
865 288 935 317 Vid.
955 287 1038 315 etiam
1057 287 1273 325 Eschenbmgrti
1296 296 1386 323 opus,
1411 289 1490 323 quod
1507 296 1542 316 ex
1557 288 1729 318 Germanico
1752 297 1812 318 ser·

301 353 384 375 mone
405 343 436 372 in
457 342 597 372 Gallicam
620 341 761 370 convertit
783 340 814 369 C.
841 340 876 368 F.
902 339 1076 374 Cramerus,
1098 339 1151 367 sub
1172 338 1260 367 titulo
1283 339 1411 367 Masmel
1436 339 1470 367 de
1493 339 1682 369 Litterature
1704 341 1811 369 Classi-

302 406 357 435 με
377 395 543 429 Ancietme,
573 394 606 422 de
629 393 687 421 illis
708 393 747 421 V.
762 392 785 421 I.
815 391 849 420 P.
869 391 892 419 Ι.
915 391 944 427 §.
965 398 1018 426 107
1038 399 1107 426 sqq.
1128 399 1158 426 p.
1176 398 1229 426 115
1250 398 1320 426 sqq.
1341 390 1375 419 de
1397 390 1444 419 his
1467 390 1538 420 ibid.
1560 392 1591 428 §.
1607 399 1662 428 75,
1683 401 1714 428 p.
1731 394 1767 428 78
1783 398 1813 421 et

303 448 370 478 116.
391 455 422 483 p.
443 454 507 481 130.
1220 452 1222 454 ’

340 498 473 536 Denique
500 495 674 525 memorandi
707 502 795 530 sunt,
826 494 876 530 qui
903 501 1007 530 magno
1029 500 1148 521 numero
1173 499 1289 522 exstant
1311 493 1461 522 Historiae
1485 495 1658 524 Literariae
1683 495 1814 524 Latinae

301 551 462 588 Scriptores
491 549 681 583 recentiores,
711 546 772 575 sive
798 545 840 574 illi
866 551 959 581 totum
983 545 1044 581 ejus
1066 544 1204 572 ambitum
1237 545 1380 581 complexi
1404 545 1480 581 sint,
1510 546 1571 575 sive
1598 546 1720 582 aliquam
1751 547 1815 583 ejus>

301 607 409 639 partem
428 599 548 629 seorsim
571 598 814 635 pertractaverint.
854 597 969 633 Duplex
989 603 1086 623 eorum
1111 603 1200 631 genus
1221 596 1360 634 distingui
1385 603 1493 633 potest.
1535 598 1597 627 Alii
1622 598 1696 627 enim
1716 598 1816 635 singu-

302 652 398 680 lorum
420 651 595 687 scriptorum
619 649 810 684 Latinorum,
840 655 965 684 quorum
989 646 1035 675 vel
1055 646 1162 683 scripta
1183 655 1361 684 supersunt,
1391 648 1436 676 vel
1458 648 1646 685 interierunt,
1668 649 1755 678 vitam
1775 658 1819 678 re-

300 703 447 737 tulerunt,
469 701 575 739 scripta
598 706 813 735 enumerarunt,
835 699 1058 733 eorumdemque
1081 698 1254 734 Editiones,
1277 699 1469 736 Interpretes,
1491 706 1618 735 caetera,
1640 700 1812 729 indicarunt.

301 757 327 787 E
353 765 413 792 quo
434 750 533 792 genere
556 763 589 783 ex
615 753 829 789 antiquioribus
849 751 930 780 valde
955 750 1095 778 laudanda
1121 757 1189 778 sunt
1217 751 1310 779 Vossii
1344 759 1430 787 opera
1458 750 1493 779 cle
1517 751 1672 781 Historicis
1696 751 1814 780 Latinis

303 816 336 837 ac
358 807 392 836 de
408 807 503 835 Poe‘tis
524 805 655 834 Latinis.
703 803 887 832 Recentiores
912 807 981 830 sunt
1005 801 1042 837 J.
1064 800 1103 829 A.
1126 801 1301 837 fabricius,
1325 801 1355 830 in
1376 802 1554 830 Bibliotheca
1577 803 1709 838 Latina,
1730 803 1819 840 cujus

301 858 368 887 libri
389 858 527 895 optimam
549 856 701 885 editionem
727 854 838 883 curavit
864 853 902 889 J.
924 853 964 881 A.
988 852 1109 881 Ernesti
1139 853 1176 882 V.
1199 853 1244 882 ct.
1270 854 1387 889 Lipsiae
1410 862 1485 882 anno
1513 863 1604 890 1773:
1635 861 1661 883 et
1689 854 1740 882 Th.
1764 854 1818 883 Ch.

302 909 476 944 Harlestas,
507 908 557 944 qui
580 907 704 944 primum
726 914 801 934 anno
825 906 897 940 1764
919 911 946 932 et
965 912 1035 939 1773
1065 903 1152 931 edidit
1170 904 1416 933 Itttroductionem
1445 907 1476 933 in
1499 905 1662 934 Historiam
1683 906 1823 943 Linguae

302 958 450 994 Latinae;
473 958 552 995 quod
570 965 645 993 opus
668 956 768 985 deinde
786 955 886 984 multis
906 953 1036 991 partibus
1058 960 1192 990 auctum,
1214 956 1391 985 emendatum
1404 977 1415 991 ,
1436 962 1596 991 mutatum,
1617 956 1730 992 repetiit
1743 964 1822 985 anno

304 1011 398 1045 1781,
418 1008 624 1044 inscripsitque
648 1007 892 1036 Introductionem
918 1007 949 1034 in
969 1005 1132 1034 Historiam
1149 1006 1345 1036 Literaturae
1359 1007 1529 1044 Romanae,
1551 1007 1578 1036 11
1594 1006 1822 1043 Voluminibus‚

304 1063 411 1099 quibus
433 1061 596 1099 Scriptores
615 1062 680 1091 inde
701 1061 734 1090 ab
755 1060 838 1089 initio
858 1067 952 1096 usque
967 1059 1002 1088 ad
1020 1058 1151 1095 Augusti
1171 1064 1289 1087 aetatem
1314 1060 1482 1095 complexus
1505 1065 1569 1095 est,
1590 1065 1618 1087 et
1641 1058 1670 1088 in
1688 1059 1826 1096 Prolego·

304 1117 393 1144 mem's
421 1114 493 1143 Vol.
515 1114 539 1142 Ι.
566 1114 642 1142 Sect.
664 1113 688 1142 Ι.
720 1113 883 1148 complures
911 1110 1058 1139 Historiae
1086 1110 1240 1139 Literariae
1263 1110 1383 1139 Latinae
1406 1110 1568 1147 Scriptores
1596 1110 1758 1140 recensuit:
1786 1117 1823 1140 an

304 1166 420 1194 tertium
441 1165 606 1200 Volumen,
629 1165 708 1200 quod
731 1173 763 1192 se
785 1163 949 1192 additurum
977 1161 1130 1198 pollicitus
1150 1167 1194 1191 est
1211 1168 1312 1191 auctor
1333 1161 1363 1190 in
1387 1161 1492 1198 Praef.
1514 1162 1584 1191 Vol.
1599 1161 1637 1191 Π.
1659 1170 1690 1198 ρ.
1708 1170 1736 1197 7.
1758 1169 1826 1198 pro-

305 1217 409 1252 dicerit,
434 1217 506 1245 mihi
532 1225 633 1253 parum
655 1221 782 1245 constat.
829 1214 929 1250 Atque
960 1214 1015 1243 hos
1045 1213 1268 1247 triumvirosh.
1294 1214 1315 1242 l.
1345 1213 1540 1243 nominavisse
1562 1213 1699 1243 sufficiet:
1725 1220 1826 1242 eorum

304 1269 380 1297 enim
405 1267 601 1304 diligentiam,
623 1275 696 1303 quae
717 1272 792 1295 certe
814 1266 844 1294 in
862 1265 994 1295 Fabricio
1018 1272 1104 1301 atque
1128 1266 1255 1295 Ernesto
1279 1273 1390 1295 summa
1408 1264 1481 1300 fuit,
1511 1265 1668 1302 dijudicare
1691 1271 1824 1304 nostrum

307 1328 367 1350 non
395 1326 450 1349 est.
495 1319 672 1354 Har-tesiam
698 1324 793 1346 autem
818 1325 904 1353 opere
929 1316 958 1345 in
979 1316 1158 1353 Scriptorum
1181 1317 1392 1345 enumeratione
1415 1324 1468 1344 nos
1492 1315 1678 1351 potissimum
1706 1314 1751 1343 usi
1777 1322 1827 1343 su-

304 1380 390 1406 mus,
411 1371 450 1399 ita
468 1377 562 1399 tamen
585 1376 616 1398 ut
636 1378 696 1398 non
715 1368 778 1404 ipsa
797 1368 860 1404 ejus
882 1367 967 1396 verba
991 1365 1176 1401 referremus,
1203 1367 1252 1394 sed
1276 1366 1435 1402 inspectis,
1457 1375 1472 1395 e
1491 1353 1607 1402 quibus·
1622 1366 1669 1394 ille
1691 1366 1825 1394 hauserat

304 1421 457 1457 fontibus,
487 1430 560 1456 quae
579 1421 645 1448 inde
664 1419 812 1455 repetierat
834 1419 869 1446 ad
890 1424 1018 1446 nostram
1045 1417 1191 1453 cogitandi
1218 1417 1421 1452 scribendique
1443 1417 1579 1445 rationem
1600 1417 1828 1445 accommodare·

306 1480 393 1507 mus;
413 1470 535 1505 additis,
557 1478 629 1506 quae
651 1477 684 1498 ex
708 1469 844 1497 Veterum
866 1467 989 1503 Scriptis
1011 1467 1191 1503 aliorumque
1214 1468 1405 1497 recentiorum
1428 1468 1509 1497 libris
1528 1468 1585 1504 ipsi
1608 1469 1825 1504 collegeramus.

305 1522 393 1561 Quod
413 1522 476 1551 ideo
494 1522 525 1550 h.
547 1522 567 1550 l.
597 1529 770 1555 monemus,
793 1526 824 1548 ut
845 1527 880 1547 ne
899 1518 1002 1554 quavis
1024 1519 1126 1556 pagina
1146 1519 1309 1548 Harlesium
1333 1521 1420 1549 citare
1443 1529 1599 1557 cogamur:
1622 1528 1654 1548 ac
1677 1528 1712 1549 ne
1737 1519 1824 1556 quis,

305 1574 398 1602 eadem
420 1581 435 1602 a
452 1572 539 1602 nobis
560 1572 636 1601 dicta
653 1572 772 1606 videns,
802 1579 876 1606 quae
900 1577 980 1599 antea
1002 1570 1078 1599 forte
1102 1572 1178 1607 apud
1206 1571 1370 1601 Harlesium
1394 1572 1515 1608 legerat,
1547 1572 1572 1601 si
1596 1580 1660 1600 eum
1682 1579 1741 1600 uon
1763 1571 1825 1600 lau-

305 1624 485 1659 daverimus,
506 1622 734 1660 reprehensionis
760 1622 824 1650 inde
847 1622 991 1650 materiam
1017 1628 1133 1657 sumat;
1157 1623 1320 1659 praesertim
1344 1631 1409 1652 cum
1434 1623 1463 1651 in
1488 1623 1654 1660 hujusmodi
1677 1629 1825 1659 argumen-

306 1681 338 1709 to
359 1675 420 1704 fieri
442 1675 524 1703 aliter
551 1683 609 1703 non
631 1674 747 1710 possit,
779 1674 850 1710 quin
879 1674 993 1711 saepius
1027 1674 1122 1703 eadem
1149 1674 1267 1703 dicenda
1289 1674 1366 1710 sint,
1396 1683 1469 1710 quae
1489 1675 1545 1711 jam
1571 1674 1604 1702 ab
1629 1673 1692 1702 aliis
1714 1672 1826 1702 fuerant

306 1732 436 1755 tractata.
478 1726 611 1758 Alterum
630 1733 720 1762 genus
742 1732 786 1754 est
806 1725 986 1760 Scriptorum
1014 1725 1221 1760 recentiorum,
1253 1725 1320 1761 qui,
1350 1725 1438 1754 missa
1465 1725 1594 1762 longiore
1619 1725 1670 1753 hac
1693 1723 1827 1760 Scripto-

307 1786 370 1807 rum
392 1777 621 1814 enumeratione,
641 1778 675 1806 de
696 1777 768 1813 ipsis
791 1778 917 1813 Literis,
939 1785 1093 1813 earumque
1110 1776 1231 1806 diversis
1254 1777 1426 1813 generibus,
1446 1776 1484 1805 ita
1496 1783 1629 1813 egerunt,
1652 1782 1685 1804 ut
1701 1775 1827 1812 singula·

306 1837 370 1861 rum
395 1828 589 1858 doctrinarum
619 1835 735 1865 ortum,
764 1837 970 1865 progressum,
1000 1828 1230 1864 interitumque,
1261 1828 1397 1865 sagaciter
1423 1827 1562 1864 indagatis
1589 1828 1732 1864 cujusque
1759 1834 1827 1855 cau-

309 1880 350 1912 sis
370 1887 563 1916 exponerent,
586 1886 672 1916 atque
691 1889 706 1909 e
727 1880 853 1910 civitatis
878 1880 1023 1909 Romanae
1043 1879 1254 1909 constitutione
1275 1885 1302 1907 et
1326 1879 1446 1908 historia
1467 1878 1649 1915 explicarent.
1690 1878 1756 1907 lloc
1772 1886 1826 1907 no-

308 1929 384 1959 mine
403 1938 436 1958 ex
457 1930 672 1966 antiquioribus
695 1932 829 1960 excelluit
852 1930 890 1967 J.
914 1931 958 1959 N.
970 1931 1128 1965 Funccius,
1155 1930 1184 1958 In
1206 1929 1352 1966 Operibus
1370 1929 1405 1958 {le
1420 1929 1576 1965 Pueritt'a,
1601 1929 1822 1963 Adolescentia,

305 1980 399 2011 Virili
423 1981 532 2011 Aetate
557 1988 586 2011 et
612 1982 761 2011 Senectute
782 1981 917 2020 Linguae
940 1982 1090 2019 Latinae,·
1120 1989 1296 2019 quamquam
1324 1981 1349 2011 is
1374 1981 1458 2011 etiam
1479 1981 1604 2019 deipsis
1626 1980 1826 2018 Scriptoribus

1766 2038 1830 2068 ego-
