<?xml version="1.0" encoding="UTF-8"?>
<!DOCTYPE html PUBLIC "-//W3C//DTD XHTML 1.0 Transitional//EN"
    "http://www.w3.org/TR/xhtml1/DTD/xhtml1-transitional.dtd">
<html xmlns="http://www.w3.org/1999/xhtml" xml:lang="en" lang="en">
 <head>
  <title>
</title>
<meta http-equiv="Content-Type" content="text/html;charset=utf-8" />
  <meta name='ocr-system' content='tesseract 3.04.00' />
  <meta name='ocr-capabilities' content='ocr_page ocr_carea ocr_par ocr_line ocrx_word'/>
</head>
<body>
  <div class='ocr_page' id='page_1' title='image "annalesacademiae16rijk_0497.png"; bbox 0 0 1940 2474; ppageno 0'>
   <div class='ocr_carea' id='block_1_1' title="bbox 0 1197 35 2474">
    <p class='ocr_par' dir='ltr' id='par_1_1' title="bbox 0 1197 35 2474">
     <span class='ocr_line' id='line_1_1' title="bbox 0 1197 35 2474; baseline 0 0"><span class='ocrx_word' id='word_1_1' title='bbox 0 1197 35 2474; x_wconf 95' lang='lat' dir='ltr'> </span> 
     </span>
    </p>
   </div>
   <div class='ocr_carea' id='block_1_2' title="bbox 423 142 1679 194">
    <p class='ocr_par' dir='ltr' id='par_1_2' title="bbox 423 142 1679 194">
     <span class='ocr_line' id='line_1_2' title="bbox 423 142 1679 194; baseline -0.006 0"><span class='ocrx_word' id='word_1_2' title='bbox 423 151 1418 194; x_wconf 55' lang='lat' dir='ltr'>corerEn-Tiraro&#39;·urrunnun:</span> <span class='ocrx_word' id='word_1_3' title='bbox 1635 142 1679 187; x_wconf 55' lang='grc' dir='ltr'>ἐς</span> 
     </span>
    </p>
   </div>
   <div class='ocr_carea' id='block_1_3' title="bbox 158 240 1678 1000">
    <p class='ocr_par' dir='ltr' id='par_1_3' title="bbox 158 240 1678 1000">
     <span class='ocr_line' id='line_1_3' title="bbox 158 240 1677 285; baseline -0.008 -3"><span class='ocrx_word' id='word_1_4' title='bbox 158 250 280 282; x_wconf 70' lang='lat' dir='ltr'>Cic-&#39;dc</span> <span class='ocrx_word' id='word_1_5' title='bbox 300 250 354 278; x_wconf 82' lang='lat' dir='ltr'>Or.</span> <span class='ocrx_word' id='word_1_6' title='bbox 377 247 422 285; x_wconf 69' lang='lat'>111,</span> <span class='ocrx_word' id='word_1_7' title='bbox 446 249 483 277; x_wconf 85' lang='lat'>6:</span> <span class='ocrx_word' id='word_1_8' title='bbox 505 247 539 277; x_wconf 75' lang='lat' dir='ltr'>de</span> <span class='ocrx_word' id='word_1_9' title='bbox 559 247 624 277; x_wconf 75' lang='lat' dir='ltr'>Fin.</span> <span class='ocrx_word' id='word_1_10' title='bbox 642 247 674 283; x_wconf 65' lang='lat'>1,</span> <span class='ocrx_word' id='word_1_11' title='bbox 694 255 728 283; x_wconf 85' lang='lat'>3,</span> <span class='ocrx_word' id='word_1_12' title='bbox 748 245 799 274; x_wconf 84' lang='lat' dir='ltr'>ubi</span> <span class='ocrx_word' id='word_1_13' title='bbox 820 244 942 273; x_wconf 89' lang='lat' dir='ltr'>Cicero:</span> <span class='ocrx_word' id='word_1_14' title='bbox 965 243 1070 271; x_wconf 78' lang='lat' dir='ltr'>Facete</span> <span class='ocrx_word' id='word_1_15' title='bbox 1090 245 1114 271; x_wconf 85' lang='lat' dir='ltr'>is</span> <span class='ocrx_word' id='word_1_16' title='bbox 1134 240 1266 282; x_wconf 59' lang='lat' dir='ltr'>quidam,</span> <span class='ocrx_word' id='word_1_17' title='bbox 1289 242 1405 279; x_wconf 85' lang='lat' dir='ltr'>inquit,</span> <span class='ocrx_word' id='word_1_18' title='bbox 1430 244 1504 271; x_wconf 78' lang='lat' dir='ltr'>sicut</span> <span class='ocrx_word' id='word_1_19' title='bbox 1518 242 1600 279; x_wconf 79' lang='lat' dir='ltr'><em>alia‚·</em></span> <span class='ocrx_word' id='word_1_20' title='bbox 1624 241 1677 270; x_wconf 67' lang='lat' dir='ltr'>sed</span> 
     </span>
     <span class='ocr_line' id='line_1_4' title="bbox 162 294 1674 336; baseline -0.007 -4"><span class='ocrx_word' id='word_1_21' title='bbox 162 313 214 332; x_wconf 75' lang='lat' dir='ltr'>nec</span> <span class='ocrx_word' id='word_1_22' title='bbox 238 309 298 331; x_wconf 76' lang='lat' dir='ltr'>tam</span> <span class='ocrx_word' id='word_1_23' title='bbox 316 300 393 330; x_wconf 67' lang='lat' dir='ltr'>vdocti</span> <span class='ocrx_word' id='word_1_24' title='bbox 420 306 488 328; x_wconf 82' lang='lat' dir='ltr'>tunc</span> <span class='ocrx_word' id='word_1_25' title='bbox 512 305 615 334; x_wconf 79' lang='lat' dir='ltr'>crant,</span> <span class='ocrx_word' id='word_1_26' title='bbox 639 298 681 327; x_wconf 81' lang='lat' dir='ltr'>ad</span> <span class='ocrx_word' id='word_1_27' title='bbox 702 306 822 336; x_wconf 76' lang='lat' dir='ltr'>quorum</span> <span class='ocrx_word' id='word_1_28' title='bbox 845 295 994 332; x_wconf 74' lang='lat' dir='ltr'>judicium</span> <span class='ocrx_word' id='word_1_29' title='bbox 1017 294 1199 331; x_wconf 79' lang='lat' dir='ltr'><em>elaboraret,</em></span> <span class='ocrx_word' id='word_1_30' title='bbox 1223 301 1251 323; x_wconf 81' lang='lat' dir='ltr'>et</span> <span class='ocrx_word' id='word_1_31' title='bbox 1272 300 1338 324; x_wconf 83' lang='lat' dir='ltr'>sunt</span> <span class='ocrx_word' id='word_1_32' title='bbox 1358 295 1439 323; x_wconf 79' lang='lat' dir='ltr'>illius</span> <span class='ocrx_word' id='word_1_33' title='bbox 1460 295 1571 332; x_wconf 81' lang='lat' dir='ltr'>scripta</span> <span class='ocrx_word' id='word_1_34' title='bbox 1589 294 1674 323; x_wconf 72' lang='lat' dir='ltr'>levio-</span> 
     </span>
     <span class='ocr_line' id='line_1_5' title="bbox 164 345 1673 390; baseline -0.007 -7"><span class='ocrx_word' id='word_1_35' title='bbox 164 365 220 390; x_wconf 81' lang='lat' dir='ltr'>ra,</span> <span class='ocrx_word' id='word_1_36' title='bbox 251 360 283 383; x_wconf 77' lang='lat' dir='ltr'>ut</span> <span class='ocrx_word' id='word_1_37' title='bbox 303 353 456 382; x_wconf 75' lang='lat' dir='ltr'>urbanitas</span> <span class='ocrx_word' id='word_1_38' title='bbox 476 360 586 380; x_wconf 82' lang='lat' dir='ltr'>summa</span> <span class='ocrx_word' id='word_1_39' title='bbox 609 355 770 389; x_wconf 77' lang='lat' dir='ltr'><em>appareat,</em></span> <span class='ocrx_word' id='word_1_40' title='bbox 794 349 927 377; x_wconf 78' lang='lat' dir='ltr'>doctrina</span> <span class='ocrx_word' id='word_1_41' title='bbox 949 346 1110 376; x_wconf 68' lang='lat' dir='ltr'>mediocris.</span> <span class='ocrx_word' id='word_1_42' title='bbox 1149 346 1175 376; x_wconf 91' lang='lat' dir='ltr'><strong>E</strong></span> <span class='ocrx_word' id='word_1_43' title='bbox 1198 355 1258 383; x_wconf 90' lang='lat' dir='ltr'>quo</span> <span class='ocrx_word' id='word_1_44' title='bbox 1280 346 1346 375; x_wconf 89' lang='lat' dir='ltr'>loco</span> <span class='ocrx_word' id='word_1_45' title='bbox 1368 347 1402 374; x_wconf 90' lang='lat' dir='ltr'>de</span> <span class='ocrx_word' id='word_1_46' title='bbox 1422 345 1532 374; x_wconf 86' lang='lat' dir='ltr'>Lucilii</span> <span class='ocrx_word' id='word_1_47' title='bbox 1555 345 1673 382; x_wconf 87' lang='lat' dir='ltr'>scriptis</span> 
     </span>
     <span class='ocr_line' id='line_1_6' title="bbox 163 396 1676 442; baseline -0.006 -8"><span class='ocrx_word' id='word_1_48' title='bbox 163 406 235 442; x_wconf 89' lang='lat' dir='ltr'>quid</span> <span class='ocrx_word' id='word_1_49' title='bbox 259 404 361 434; x_wconf 89' lang='lat' dir='ltr'>Cicero</span> <span class='ocrx_word' id='word_1_50' title='bbox 386 403 505 432; x_wconf 85' lang='lat' dir='ltr'>senserit</span> <span class='ocrx_word' id='word_1_51' title='bbox 520 408 654 439; x_wconf 77' lang='lat' dir='ltr'>apparet3</span> <span class='ocrx_word' id='word_1_52' title='bbox 677 402 764 438; x_wconf 85' lang='lat' dir='ltr'>cujus</span> <span class='ocrx_word' id='word_1_53' title='bbox 780 399 939 428; x_wconf 83' lang='lat' dir='ltr'>sententiae</span> <span class='ocrx_word' id='word_1_54' title='bbox 962 407 1021 428; x_wconf 91' lang='lat' dir='ltr'>non</span> <span class='ocrx_word' id='word_1_55' title='bbox 1042 404 1200 435; x_wconf 80' lang='lat' dir='ltr'>repugnat,</span> <span class='ocrx_word' id='word_1_56' title='bbox 1224 398 1322 434; x_wconf 85' lang='lat' dir='ltr'>quod,</span> <span class='ocrx_word' id='word_1_57' title='bbox 1346 397 1381 427; x_wconf 73' lang='lat' dir='ltr'>do</span> <span class='ocrx_word' id='word_1_58' title='bbox 1399 397 1453 426; x_wconf 85' lang='lat' dir='ltr'>Or.</span> <span class='ocrx_word' id='word_1_59' title='bbox 1474 397 1506 433; x_wconf 87' lang='lat'>1,</span> <span class='ocrx_word' id='word_1_60' title='bbox 1526 397 1573 426; x_wconf 90' lang='lat'>16.</span> <span class='ocrx_word' id='word_1_61' title='bbox 1614 396 1676 426; x_wconf 89' lang='lat' dir='ltr'>Lu-</span> 
     </span>
     <span class='ocr_line' id='line_1_7' title="bbox 161 448 1674 491; baseline -0.006 -5"><span class='ocrx_word' id='word_1_62' title='bbox 161 458 248 486; x_wconf 83' lang='lat' dir='ltr'>cilius</span> <span class='ocrx_word' id='word_1_63' title='bbox 270 462 391 485; x_wconf 88' lang='lat' dir='ltr'>vocetur</span> <span class='ocrx_word' id='word_1_64' title='bbox 419 461 446 483; x_wconf 78' lang='lat' dir='ltr'>et</span> <span class='ocrx_word' id='word_1_65' title='bbox 472 454 570 483; x_wconf 78' lang='lat' dir='ltr'>doctus</span> <span class='ocrx_word' id='word_1_66' title='bbox 595 460 622 481; x_wconf 82' lang='lat' dir='ltr'>et</span> <span class='ocrx_word' id='word_1_67' title='bbox 641 452 844 491; x_wconf 73' lang='lat' dir='ltr'>perurbamts,</span> <span class='ocrx_word' id='word_1_68' title='bbox 874 460 939 480; x_wconf 89' lang='lat' dir='ltr'>cum</span> <span class='ocrx_word' id='word_1_69' title='bbox 969 457 997 479; x_wconf 93' lang='lat' dir='ltr'>et</span> <span class='ocrx_word' id='word_1_70' title='bbox 1019 450 1060 478; x_wconf 90' lang='lat' dir='ltr'>ibi</span> <span class='ocrx_word' id='word_1_71' title='bbox 1083 449 1210 479; x_wconf 84' lang='lat' dir='ltr'>Crassus</span> <span class='ocrx_word' id='word_1_72' title='bbox 1236 450 1393 486; x_wconf 87' lang='lat' dir='ltr'>loquatur,</span> <span class='ocrx_word' id='word_1_73' title='bbox 1418 457 1477 478; x_wconf 90' lang='lat' dir='ltr'>non</span> <span class='ocrx_word' id='word_1_74' title='bbox 1496 448 1619 484; x_wconf 91' lang='lat' dir='ltr'>Cicero,</span> <span class='ocrx_word' id='word_1_75' title='bbox 1645 455 1674 478; x_wconf 86' lang='lat' dir='ltr'>et</span> 
     </span>
     <span class='ocr_line' id='line_1_8' title="bbox 162 499 1670 545; baseline -0.005 -9"><span class='ocrx_word' id='word_1_76' title='bbox 162 508 258 545; x_wconf 85' lang='lat' dir='ltr'>priore</span> <span class='ocrx_word' id='word_1_77' title='bbox 282 507 348 537; x_wconf 89' lang='lat' dir='ltr'>loco</span> <span class='ocrx_word' id='word_1_78' title='bbox 369 506 415 536; x_wconf 89' lang='lat' dir='ltr'>hic</span> <span class='ocrx_word' id='word_1_79' title='bbox 430 514 491 536; x_wconf 88' lang='lat' dir='ltr'>non</span> <span class='ocrx_word' id='word_1_80' title='bbox 511 505 656 543; x_wconf 72' lang='lat' dir='ltr'>negaverit</span> <span class='ocrx_word' id='word_1_81' title='bbox 678 504 796 532; x_wconf 84' lang='lat' dir='ltr'>doctum</span> <span class='ocrx_word' id='word_1_82' title='bbox 819 502 913 532; x_wconf 89' lang='lat' dir='ltr'>fuisse</span> <span class='ocrx_word' id='word_1_83' title='bbox 936 502 1101 536; x_wconf 86' lang='lat' dir='ltr'>Lucilium,</span> <span class='ocrx_word' id='word_1_84' title='bbox 1125 501 1177 531; x_wconf 88' lang='lat' dir='ltr'>sed</span> <span class='ocrx_word' id='word_1_85' title='bbox 1195 501 1286 539; x_wconf 82' lang='lat' dir='ltr'>magis</span> <span class='ocrx_word' id='word_1_86' title='bbox 1305 509 1370 530; x_wconf 86' lang='lat' dir='ltr'>eum</span> <span class='ocrx_word' id='word_1_87' title='bbox 1386 499 1561 536; x_wconf 85' lang='lat' dir='ltr'>urbanitate,</span> <span class='ocrx_word' id='word_1_88' title='bbox 1583 508 1670 537; x_wconf 86' lang='lat' dir='ltr'>quam</span> 
     </span>
     <span class='ocr_line' id='line_1_9' title="bbox 160 552 1671 590; baseline -0.004 -2"><span class='ocrx_word' id='word_1_89' title='bbox 160 559 294 589; x_wconf 79' lang='lat' dir='ltr'>doctrina</span> <span class='ocrx_word' id='word_1_90' title='bbox 310 558 436 587; x_wconf 86' lang='lat' dir='ltr'>valuisse</span> <span class='ocrx_word' id='word_1_91' title='bbox 456 557 571 586; x_wconf 80' lang='lat' dir='ltr'>dixerit.</span> <span class='ocrx_word' id='word_1_92' title='bbox 612 556 690 585; x_wconf 88' lang='lat' dir='ltr'>Tum</span> <span class='ocrx_word' id='word_1_93' title='bbox 708 564 776 584; x_wconf 87' lang='lat' dir='ltr'>vero</span> <span class='ocrx_word' id='word_1_94' title='bbox 797 554 880 583; x_wconf 88' lang='lat' dir='ltr'>etiam</span> <span class='ocrx_word' id='word_1_95' title='bbox 903 553 1026 590; x_wconf 83' lang='lat' dir='ltr'>insignis</span> <span class='ocrx_word' id='word_1_96' title='bbox 1049 559 1092 582; x_wconf 83' lang='lat' dir='ltr'>est</span> <span class='ocrx_word' id='word_1_97' title='bbox 1114 553 1160 582; x_wconf 91' lang='lat' dir='ltr'>hic</span> <span class='ocrx_word' id='word_1_98' title='bbox 1180 553 1263 582; x_wconf 90' lang='lat' dir='ltr'>locus</span> <span class='ocrx_word' id='word_1_99' title='bbox 1284 553 1320 581; x_wconf 87' lang='lat' dir='ltr'>ad</span> <span class='ocrx_word' id='word_1_100' title='bbox 1337 552 1555 590; x_wconf 86' lang='lat' dir='ltr'>intelligendum</span> <span class='ocrx_word' id='word_1_101' title='bbox 1577 553 1671 589; x_wconf 86' lang='lat' dir='ltr'>qualis</span> 
     </span>
     <span class='ocr_line' id='line_1_10' title="bbox 163 604 1674 646; baseline -0.004 -6"><span class='ocrx_word' id='word_1_102' title='bbox 163 619 197 641; x_wconf 92' lang='lat' dir='ltr'>eo</span> <span class='ocrx_word' id='word_1_103' title='bbox 221 617 348 646; x_wconf 77' lang='lat' dir='ltr'>tempore</span> <span class='ocrx_word' id='word_1_104' title='bbox 368 609 457 638; x_wconf 81' lang='lat' dir='ltr'>fuerit</span> <span class='ocrx_word' id='word_1_105' title='bbox 478 609 676 638; x_wconf 79' lang='lat' dir='ltr'>Romanorum</span> <span class='ocrx_word' id='word_1_106' title='bbox 705 607 845 636; x_wconf 85' lang='lat' dir='ltr'>doctrina.</span> <span class='ocrx_word' id='word_1_107' title='bbox 893 605 963 634; x_wconf 87' lang='lat' dir='ltr'>Non</span> <span class='ocrx_word' id='word_1_108' title='bbox 983 611 1040 632; x_wconf 87' lang='lat' dir='ltr'>tam</span> <span class='ocrx_word' id='word_1_109' title='bbox 1062 605 1141 633; x_wconf 86' lang='lat' dir='ltr'>docti</span> <span class='ocrx_word' id='word_1_110' title='bbox 1158 611 1227 633; x_wconf 89' lang='lat' dir='ltr'>tunc</span> <span class='ocrx_word' id='word_1_111' title='bbox 1251 611 1345 640; x_wconf 87' lang='lat' dir='ltr'>erant,</span> <span class='ocrx_word' id='word_1_112' title='bbox 1367 611 1418 639; x_wconf 84' lang='lat' dir='ltr'>ut,</span> <span class='ocrx_word' id='word_1_113' title='bbox 1446 613 1505 640; x_wconf 90' lang='lat' dir='ltr'>quo</span> <span class='ocrx_word' id='word_1_114' title='bbox 1526 604 1561 634; x_wconf 88' lang='lat' dir='ltr'>iis</span> <span class='ocrx_word' id='word_1_115' title='bbox 1580 606 1674 641; x_wconf 84' lang='lat' dir='ltr'>place-</span> 
     </span>
     <span class='ocr_line' id='line_1_11' title="bbox 162 655 1676 699; baseline -0.004 -7"><span class='ocrx_word' id='word_1_116' title='bbox 162 670 223 699; x_wconf 84' lang='lat' dir='ltr'>ret,</span> <span class='ocrx_word' id='word_1_117' title='bbox 244 663 368 691; x_wconf 88' lang='lat' dir='ltr'>multum</span> <span class='ocrx_word' id='word_1_118' title='bbox 389 661 535 691; x_wconf 87' lang='lat' dir='ltr'>doctrinae</span> <span class='ocrx_word' id='word_1_119' title='bbox 558 660 692 689; x_wconf 80' lang='lat' dir='ltr'>Lucilius</span> <span class='ocrx_word' id='word_1_120' title='bbox 712 659 810 688; x_wconf 80' lang='lat' dir='ltr'>afferre</span> <span class='ocrx_word' id='word_1_121' title='bbox 830 657 958 687; x_wconf 86' lang='lat' dir='ltr'>deberet:</span> <span class='ocrx_word' id='word_1_122' title='bbox 983 656 1124 685; x_wconf 83' lang='lat' dir='ltr'>bonarum</span> <span class='ocrx_word' id='word_1_123' title='bbox 1147 656 1251 685; x_wconf 86' lang='lat' dir='ltr'>artium</span> <span class='ocrx_word' id='word_1_124' title='bbox 1275 655 1479 692; x_wconf 82' lang='lat' dir='ltr'>literarumque</span> <span class='ocrx_word' id='word_1_125' title='bbox 1498 656 1602 685; x_wconf 86' lang='lat' dir='ltr'>studiis</span> <span class='ocrx_word' id='word_1_126' title='bbox 1625 664 1676 686; x_wconf 88' lang='lat' dir='ltr'>aut</span> 
     </span>
     <span class='ocr_line' id='line_1_12' title="bbox 162 708 1676 750; baseline -0.004 -7"><span class='ocrx_word' id='word_1_127' title='bbox 162 715 272 744; x_wconf 84' lang='lat' dir='ltr'>nullam</span> <span class='ocrx_word' id='word_1_128' title='bbox 294 722 409 750; x_wconf 73' lang='lat' dir='ltr'>operam</span> <span class='ocrx_word' id='word_1_129' title='bbox 428 713 598 748; x_wconf 61' lang='lat' dir='ltr'>navabant⁹⁴&gt;</span> <span class='ocrx_word' id='word_1_130' title='bbox 616 718 667 741; x_wconf 81' lang='lat' dir='ltr'>aut</span> <span class='ocrx_word' id='word_1_131' title='bbox 690 711 715 740; x_wconf 89' lang='lat' dir='ltr'>si</span> <span class='ocrx_word' id='word_1_132' title='bbox 739 711 812 747; x_wconf 89' lang='lat' dir='ltr'>quid</span> <span class='ocrx_word' id='word_1_133' title='bbox 828 710 864 739; x_wconf 89' lang='lat' dir='ltr'>iis</span> <span class='ocrx_word' id='word_1_134' title='bbox 887 710 1044 740; x_wconf 86' lang='lat' dir='ltr'>tribuerent</span> <span class='ocrx_word' id='word_1_135' title='bbox 1065 711 1178 739; x_wconf 87' lang='lat' dir='ltr'>laudem</span> <span class='ocrx_word' id='word_1_136' title='bbox 1201 718 1235 740; x_wconf 84' lang='lat' dir='ltr'>ex</span> <span class='ocrx_word' id='word_1_137' title='bbox 1258 717 1292 738; x_wconf 92' lang='lat' dir='ltr'>eo</span> <span class='ocrx_word' id='word_1_138' title='bbox 1319 708 1376 737; x_wconf 83' lang='lat' dir='ltr'>sibi</span> <span class='ocrx_word' id='word_1_139' title='bbox 1399 716 1458 737; x_wconf 90' lang='lat' dir='ltr'>non</span> <span class='ocrx_word' id='word_1_140' title='bbox 1484 708 1676 744; x_wconf 85' lang='lat' dir='ltr'>quaerebant,</span> 
     </span>
     <span class='ocr_line' id='line_1_13' title="bbox 161 752 1676 801; baseline -0.004 -5"><span class='ocrx_word' id='word_1_141' title='bbox 161 767 212 796; x_wconf 88' lang='lat' dir='ltr'>sed</span> <span class='ocrx_word' id='word_1_142' title='bbox 235 765 379 794; x_wconf 77' lang='lat' dir='ltr'>doctrinae</span> <span class='ocrx_word' id='word_1_143' title='bbox 399 764 542 801; x_wconf 81' lang='lat' dir='ltr'>fugientes</span> <span class='ocrx_word' id='word_1_144' title='bbox 567 762 751 799; x_wconf 82' lang='lat' dir='ltr'>opinionem,</span> <span class='ocrx_word' id='word_1_145' title='bbox 772 770 804 790; x_wconf 87' lang='lat' dir='ltr'>ea</span> <span class='ocrx_word' id='word_1_146' title='bbox 824 752 1062 798; x_wconf 75' lang='lat' dir='ltr'>contemnebant,</span> <span class='ocrx_word' id='word_1_147' title='bbox 1083 770 1205 798; x_wconf 88' lang='lat' dir='ltr'>seseque</span> <span class='ocrx_word' id='word_1_148' title='bbox 1228 761 1344 798; x_wconf 86' lang='lat' dir='ltr'>indigna</span> <span class='ocrx_word' id='word_1_149' title='bbox 1365 759 1567 798; x_wconf 85' lang='lat' dir='ltr'>opinabantur.</span> <span class='ocrx_word' id='word_1_150' title='bbox 1608 759 1676 790; x_wconf 88' lang='lat' dir='ltr'>Huc</span> 
     </span>
     <span class='ocr_line' id='line_1_14' title="bbox 161 811 1676 854; baseline -0.002 -9"><span class='ocrx_word' id='word_1_151' title='bbox 161 816 285 854; x_wconf 79' lang='lat' dir='ltr'>pertinet</span> <span class='ocrx_word' id='word_1_152' title='bbox 301 823 420 851; x_wconf 84' lang='lat' dir='ltr'>quoque</span> <span class='ocrx_word' id='word_1_153' title='bbox 434 815 556 852; x_wconf 80' lang='lat' dir='ltr'>Nepotis</span> <span class='ocrx_word' id='word_1_154' title='bbox 575 814 660 842; x_wconf 90' lang='lat' dir='ltr'>locus</span> <span class='ocrx_word' id='word_1_155' title='bbox 677 815 708 842; x_wconf 87' lang='lat' dir='ltr'>in</span> <span class='ocrx_word' id='word_1_156' title='bbox 721 813 829 852; x_wconf 86' lang='lat' dir='ltr'>Epam.</span> <span class='ocrx_word' id='word_1_157' title='bbox 846 813 897 850; x_wconf 92' lang='lat' dir='ltr'>qui</span> <span class='ocrx_word' id='word_1_158' title='bbox 918 820 1075 850; x_wconf 82' lang='lat' dir='ltr'>postquam</span> <span class='ocrx_word' id='word_1_159' title='bbox 1096 815 1224 850; x_wconf 78' lang='lat' dir='ltr'>dixerat,</span> <span class='ocrx_word' id='word_1_160' title='bbox 1246 814 1405 848; x_wconf 85' lang='lat' dir='ltr'>musicam,</span> <span class='ocrx_word' id='word_1_161' title='bbox 1426 811 1548 841; x_wconf 87' lang='lat' dir='ltr'>saltandi</span> <span class='ocrx_word' id='word_1_162' title='bbox 1568 818 1676 848; x_wconf 81' lang='lat' dir='ltr'>artem,</span> 
     </span>
     <span class='ocr_line' id='line_1_15' title="bbox 158 863 1676 904; baseline -0.002 -8"><span class='ocrx_word' id='word_1_163' title='bbox 158 868 312 904; x_wconf 81' lang='lat' dir='ltr'>ipsamque</span> <span class='ocrx_word' id='word_1_164' title='bbox 333 864 549 903; x_wconf 87' lang='lat' dir='ltr'>philosophiam</span> <span class='ocrx_word' id='word_1_165' title='bbox 570 864 706 894; x_wconf 88' lang='lat' dir='ltr'>didicisse</span> <span class='ocrx_word' id='word_1_166' title='bbox 726 864 973 902; x_wconf 83' lang='lat' dir='ltr'>Epaminondam:</span> <span class='ocrx_word' id='word_1_167' title='bbox 1001 871 1090 904; x_wconf 74' lang='lat' dir='ltr'>atque</span> <span class='ocrx_word' id='word_1_168' title='bbox 1108 866 1198 902; x_wconf 81' lang='lat' dir='ltr'>haec,</span> <span class='ocrx_word' id='word_1_169' title='bbox 1219 865 1331 902; x_wconf 89' lang='lat' dir='ltr'>inquit,</span> <span class='ocrx_word' id='word_1_170' title='bbox 1359 863 1401 893; x_wconf 82' lang='lat' dir='ltr'>ad</span> <span class='ocrx_word' id='word_1_171' title='bbox 1421 870 1548 892; x_wconf 83' lang='lat' dir='ltr'>nostram</span> <span class='ocrx_word' id='word_1_172' title='bbox 1564 872 1676 893; x_wconf 74' lang='lat' dir='ltr'>consue-</span> 
     </span>
     <span class='ocr_line' id='line_1_16' title="bbox 158 914 1678 956; baseline -0.003 -8"><span class='ocrx_word' id='word_1_173' title='bbox 158 918 288 948; x_wconf 73' lang='lat' dir='ltr'>tudinem</span> <span class='ocrx_word' id='word_1_174' title='bbox 318 924 384 948; x_wconf 76' lang='lat' dir='ltr'>sunt</span> <span class='ocrx_word' id='word_1_175' title='bbox 407 917 484 948; x_wconf 81' lang='lat' dir='ltr'>lcw&#39;a</span> <span class='ocrx_word' id='word_1_176' title='bbox 514 922 542 945; x_wconf 76' lang='lat' dir='ltr'>et</span> <span class='ocrx_word' id='word_1_177' title='bbox 568 918 667 955; x_wconf 75' lang='lat' dir='ltr'>potius</span> <span class='ocrx_word' id='word_1_178' title='bbox 690 916 921 947; x_wconf 73' lang='lat' dir='ltr'>contcnmcmla:</span> <span class='ocrx_word' id='word_1_179' title='bbox 951 923 984 947; x_wconf 81' lang='lat' dir='ltr'>at</span> <span class='ocrx_word' id='word_1_180' title='bbox 1002 919 1039 947; x_wconf 21' lang='lat' dir='ltr'>rin</span> <span class='ocrx_word' id='word_1_181' title='bbox 1063 917 1194 949; x_wconf 75' lang='lat' dir='ltr'>Graecia</span> <span class='ocrx_word' id='word_1_182' title='bbox 1220 919 1319 956; x_wconf 74' lang='lat' dir='ltr'>utique</span> <span class='ocrx_word' id='word_1_183' title='bbox 1346 916 1414 947; x_wconf 84' lang='lat' dir='ltr'>olim</span> <span class='ocrx_word' id='word_1_184' title='bbox 1444 925 1567 954; x_wconf 76' lang='lat' dir='ltr'>magnae</span> <span class='ocrx_word' id='word_1_185' title='bbox 1594 914 1678 945; x_wconf 79' lang='lat' dir='ltr'>laudi</span> 
     </span>
     <span class='ocr_line' id='line_1_17' title="bbox 159 976 259 1000; baseline 0.01 -1"><span class='ocrx_word' id='word_1_186' title='bbox 159 976 259 1000; x_wconf 77' lang='lat' dir='ltr'>erant.</span> 
     </span>
    </p>
   </div>
   <div class='ocr_carea' id='block_1_4' title="bbox 714 1024 1125 1133">
    <p class='ocr_par' dir='ltr' id='par_1_4' title="bbox 714 1024 1125 1133">
     <span class='ocr_line' id='line_1_18' title="bbox 897 1024 985 1061; baseline 0 -7"><span class='ocrx_word' id='word_1_187' title='bbox 897 1024 918 1061; x_wconf 67' lang='lat' dir='ltr'>&#39;s</span> <span class='ocrx_word' id='word_1_188' title='bbox 957 1033 985 1054; x_wconf 62' lang='lat'>21</span> 
     </span>
     <span class='ocr_line' id='line_1_19' title="bbox 714 1094 1125 1133; baseline 0.002 -2"><span class='ocrx_word' id='word_1_189' title='bbox 714 1099 764 1132; x_wconf 79' lang='lat' dir='ltr'>De</span> <span class='ocrx_word' id='word_1_190' title='bbox 784 1094 997 1133; x_wconf 81' lang='lat' dir='ltr'>Grammaticcs</span> <span class='ocrx_word' id='word_1_191' title='bbox 1016 1102 1125 1133; x_wconf 78' lang='lat' dir='ltr'>Initiis.</span> 
     </span>
    </p>
   </div>
   <div class='ocr_carea' id='block_1_5' title="bbox 156 1176 1684 1990">
    <p class='ocr_par' dir='ltr' id='par_1_5' title="bbox 156 1176 1684 1676">
     <span class='ocr_line' id='line_1_20' title="bbox 158 1176 1678 1219; baseline -0.004 -9"><span class='ocrx_word' id='word_1_192' title='bbox 158 1194 162 1198; x_wconf 96' lang='lat'><em>·</em></span> <span class='ocrx_word' id='word_1_193' title='bbox 192 1177 257 1218; x_wconf 78' lang='lat' dir='ltr'>Jam</span> <span class='ocrx_word' id='word_1_194' title='bbox 279 1185 369 1216; x_wconf 86' lang='lat' dir='ltr'>porro</span> <span class='ocrx_word' id='word_1_195' title='bbox 386 1178 538 1208; x_wconf 84' lang='lat' dir='ltr'>dicendum</span> <span class='ocrx_word' id='word_1_196' title='bbox 555 1184 599 1209; x_wconf 86' lang='lat' dir='ltr'>est</span> <span class='ocrx_word' id='word_1_197' title='bbox 623 1179 658 1209; x_wconf 80' lang='lat' dir='ltr'>de</span> <span class='ocrx_word' id='word_1_198' title='bbox 676 1177 784 1209; x_wconf 75' lang='lat' dir='ltr'>illustri</span> <span class='ocrx_word' id='word_1_199' title='bbox 805 1183 931 1218; x_wconf 80' lang='lat' dir='ltr'>quodam</span> <span class='ocrx_word' id='word_1_200' title='bbox 952 1189 1074 1218; x_wconf 86' lang='lat' dir='ltr'>eventu,</span> <span class='ocrx_word' id='word_1_201' title='bbox 1096 1181 1181 1219; x_wconf 88' lang='lat' dir='ltr'>cujus</span> <span class='ocrx_word' id='word_1_202' title='bbox 1205 1184 1308 1217; x_wconf 82' lang='lat' dir='ltr'>magna</span> <span class='ocrx_word' id='word_1_203' title='bbox 1332 1178 1390 1208; x_wconf 83' lang='lat' dir='ltr'>fuit</span> <span class='ocrx_word' id='word_1_204' title='bbox 1415 1177 1460 1207; x_wconf 85' lang='lat' dir='ltr'>vis</span> <span class='ocrx_word' id='word_1_205' title='bbox 1480 1176 1516 1206; x_wconf 87' lang='lat' dir='ltr'>ad</span> <span class='ocrx_word' id='word_1_206' title='bbox 1532 1176 1678 1206; x_wconf 80' lang='lat' dir='ltr'>literarum</span> 
     </span>
     <span class='ocr_line' id='line_1_21' title="bbox 158 1227 1680 1271; baseline -0.003 -11"><span class='ocrx_word' id='word_1_207' title='bbox 158 1231 258 1260; x_wconf 83' lang='lat' dir='ltr'>studia</span> <span class='ocrx_word' id='word_1_208' title='bbox 279 1231 378 1260; x_wconf 85' lang='lat' dir='ltr'>alenda</span> <span class='ocrx_word' id='word_1_209' title='bbox 397 1238 425 1261; x_wconf 92' lang='lat' dir='ltr'>et</span> <span class='ocrx_word' id='word_1_210' title='bbox 444 1231 649 1261; x_wconf 84' lang='lat' dir='ltr'>confirmanda.</span> <span class='ocrx_word' id='word_1_211' title='bbox 697 1232 838 1270; x_wconf 88' lang='lat' dir='ltr'>Quamvis</span> <span class='ocrx_word' id='word_1_212' title='bbox 861 1235 918 1271; x_wconf 86' lang='lat' dir='ltr'>jam</span> <span class='ocrx_word' id='word_1_213' title='bbox 940 1240 1019 1263; x_wconf 80' lang='lat' dir='ltr'>antea</span> <span class='ocrx_word' id='word_1_214' title='bbox 1039 1234 1201 1263; x_wconf 83' lang='lat' dir='ltr'>nonnullos</span> <span class='ocrx_word' id='word_1_215' title='bbox 1224 1232 1336 1267; x_wconf 85' lang='lat' dir='ltr'>fuisse,</span> <span class='ocrx_word' id='word_1_216' title='bbox 1366 1229 1476 1266; x_wconf 88' lang='lat' dir='ltr'>quibus</span> <span class='ocrx_word' id='word_1_217' title='bbox 1500 1227 1608 1264; x_wconf 86' lang='lat' dir='ltr'>patriae</span> <span class='ocrx_word' id='word_1_218' title='bbox 1627 1227 1680 1256; x_wconf 73' lang='lat' dir='ltr'>lin-</span> 
     </span>
     <span class='ocr_line' id='line_1_22' title="bbox 156 1276 1678 1321; baseline -0.002 -10"><span class='ocrx_word' id='word_1_219' title='bbox 156 1290 235 1320; x_wconf 68' lang='lat' dir='ltr'>guae</span> <span class='ocrx_word' id='word_1_220' title='bbox 253 1289 355 1312; x_wconf 82' lang='lat' dir='ltr'>natura</span> <span class='ocrx_word' id='word_1_221' title='bbox 375 1289 404 1312; x_wconf 87' lang='lat' dir='ltr'>et</span> <span class='ocrx_word' id='word_1_222' title='bbox 428 1282 539 1312; x_wconf 88' lang='lat' dir='ltr'>indoles</span> <span class='ocrx_word' id='word_1_223' title='bbox 559 1289 655 1312; x_wconf 88' lang='lat' dir='ltr'>essent</span> <span class='ocrx_word' id='word_1_224' title='bbox 677 1284 827 1321; x_wconf 87' lang='lat' dir='ltr'>cognitae,</span> <span class='ocrx_word' id='word_1_225' title='bbox 855 1292 932 1315; x_wconf 88' lang='lat' dir='ltr'>recte</span> <span class='ocrx_word' id='word_1_226' title='bbox 950 1290 1114 1321; x_wconf 85' lang='lat' dir='ltr'>statuatur,</span> <span class='ocrx_word' id='word_1_227' title='bbox 1135 1283 1329 1314; x_wconf 88' lang='lat' dir='ltr'>Grammatica</span> <span class='ocrx_word' id='word_1_228' title='bbox 1348 1286 1442 1310; x_wconf 84' lang='lat' dir='ltr'>tamen</span> <span class='ocrx_word' id='word_1_229' title='bbox 1465 1276 1575 1308; x_wconf 81' lang='lat' dir='ltr'>Romae</span> <span class='ocrx_word' id='word_1_230' title='bbox 1594 1282 1631 1307; x_wconf 81' lang='lat' dir='ltr'>&#39;ne</span> <span class='ocrx_word' id='word_1_231' title='bbox 1648 1278 1678 1308; x_wconf 90' lang='lat' dir='ltr'>in</span> 
     </span>
     <span class='ocr_line' id='line_1_23' title="bbox 158 1330 1682 1373; baseline -0.005 -6"><span class='ocrx_word' id='word_1_232' title='bbox 158 1339 222 1361; x_wconf 67' lang='lat'>{1⁵11</span> <span class='ocrx_word' id='word_1_233' title='bbox 240 1333 357 1367; x_wconf 82' lang='lat' dir='ltr'>quidem</span> <span class='ocrx_word' id='word_1_234' title='bbox 376 1333 463 1366; x_wconf 78' lang='lat' dir='ltr'>oiim,</span> <span class='ocrx_word' id='word_1_235' title='bbox 484 1334 587 1361; x_wconf 75' lang='lat' dir='ltr'>nedum</span> <span class='ocrx_word' id='word_1_236' title='bbox 612 1333 642 1362; x_wconf 89' lang='lat' dir='ltr'>in</span> <span class='ocrx_word' id='word_1_237' title='bbox 661 1334 772 1364; x_wconf 87' lang='lat' dir='ltr'>honore</span> <span class='ocrx_word' id='word_1_238' title='bbox 792 1337 854 1366; x_wconf 85' lang='lat' dir='ltr'>ullo</span> <span class='ocrx_word' id='word_1_239' title='bbox 870 1343 939 1366; x_wconf 89' lang='lat' dir='ltr'>erat.</span> <span class='ocrx_word' id='word_1_240' title='bbox 979 1335 1026 1365; x_wconf 89' lang='lat' dir='ltr'>Eo</span> <span class='ocrx_word' id='word_1_241' title='bbox 1050 1336 1115 1373; x_wconf 78' lang='lat' dir='ltr'>ipso</span> <span class='ocrx_word' id='word_1_242' title='bbox 1140 1342 1234 1365; x_wconf 88' lang='lat' dir='ltr'>autem</span> <span class='ocrx_word' id='word_1_243' title='bbox 1256 1342 1351 1369; x_wconf 85' lang='lat' dir='ltr'>anno,</span> <span class='ocrx_word' id='word_1_244' title='bbox 1374 1341 1390 1361; x_wconf 89' lang='lat' dir='ltr'>a</span> <span class='ocrx_word' id='word_1_245' title='bbox 1408 1340 1468 1368; x_wconf 92' lang='lat' dir='ltr'>quo</span> <span class='ocrx_word' id='word_1_246' title='bbox 1491 1331 1578 1367; x_wconf 84' lang='lat' dir='ltr'>huJ&#39;us</span> <span class='ocrx_word' id='word_1_247' title='bbox 1600 1330 1682 1367; x_wconf 87' lang='lat' dir='ltr'>Epo·</span> 
     </span>
     <span class='ocr_line' id='line_1_24' title="bbox 158 1381 1683 1422; baseline -0.001 -10"><span class='ocrx_word' id='word_1_248' title='bbox 158 1383 234 1412; x_wconf 85' lang='lat' dir='ltr'>chae</span> <span class='ocrx_word' id='word_1_249' title='bbox 250 1382 365 1411; x_wconf 87' lang='lat' dir='ltr'>initium</span> <span class='ocrx_word' id='word_1_250' title='bbox 388 1381 543 1419; x_wconf 89' lang='lat' dir='ltr'>ducimus,</span> <span class='ocrx_word' id='word_1_251' title='bbox 573 1383 685 1420; x_wconf 89' lang='lat' dir='ltr'>primus</span> <span class='ocrx_word' id='word_1_252' title='bbox 708 1386 796 1422; x_wconf 85' lang='lat' dir='ltr'>hujus</span> <span class='ocrx_word' id='word_1_253' title='bbox 818 1388 888 1416; x_wconf 86' lang='lat' dir='ltr'>artis</span> <span class='ocrx_word' id='word_1_254' title='bbox 912 1388 1042 1417; x_wconf 88' lang='lat' dir='ltr'>studium</span> <span class='ocrx_word' id='word_1_255' title='bbox 1069 1388 1100 1417; x_wconf 93' lang='lat' dir='ltr'>in</span> <span class='ocrx_word' id='word_1_256' title='bbox 1125 1386 1234 1417; x_wconf 88' lang='lat' dir='ltr'>Urbem</span> <span class='ocrx_word' id='word_1_257' title='bbox 1256 1386 1359 1415; x_wconf 80' lang='lat' dir='ltr'>intulit</span> <span class='ocrx_word' id='word_1_258' title='bbox 1379 1382 1488 1412; x_wconf 83' lang='lat' dir='ltr'>&#39;nobilis</span> <span class='ocrx_word' id='word_1_259' title='bbox 1510 1381 1683 1411; x_wconf 86' lang='lat' dir='ltr'>Grammati-</span> 
     </span>
     <span class='ocr_line' id='line_1_25' title="bbox 156 1433 1684 1475; baseline 0.004 -12"><span class='ocrx_word' id='word_1_260' title='bbox 156 1442 216 1463; x_wconf 81' lang='lat' dir='ltr'>cus</span> <span class='ocrx_word' id='word_1_261' title='bbox 236 1433 339 1462; x_wconf 77' lang='lat' dir='ltr'>Crates</span> <span class='ocrx_word' id='word_1_262' title='bbox 359 1433 517 1469; x_wconf 76' lang='lat' dir='ltr'>Mallotes,</span> <span class='ocrx_word' id='word_1_263' title='bbox 538 1434 699 1464; x_wconf 79' lang='lat' dir='ltr'>Aristarchi</span> <span class='ocrx_word' id='word_1_264' title='bbox 712 1437 860 1472; x_wconf 85' lang='lat' dir='ltr'>aequalis,</span> <span class='ocrx_word' id='word_1_265' title='bbox 882 1437 922 1466; x_wconf 89' lang='lat' dir='ltr'>ita</span> <span class='ocrx_word' id='word_1_266' title='bbox 934 1439 1030 1467; x_wconf 88' lang='lat' dir='ltr'>dictus</span> <span class='ocrx_word' id='word_1_267' title='bbox 1048 1444 1063 1466; x_wconf 80' lang='lat' dir='ltr'>a</span> <span class='ocrx_word' id='word_1_268' title='bbox 1080 1437 1170 1475; x_wconf 89' lang='lat' dir='ltr'>patria</span> <span class='ocrx_word' id='word_1_269' title='bbox 1188 1437 1301 1472; x_wconf 83' lang='lat' dir='ltr'>Mallo,</span> <span class='ocrx_word' id='word_1_270' title='bbox 1327 1435 1396 1463; x_wconf 82' lang='lat' dir='ltr'>urbe</span> <span class='ocrx_word' id='word_1_271' title='bbox 1416 1434 1554 1468; x_wconf 68' lang='lat' dir='ltr'>Ciliciae,</span> <span class='ocrx_word' id='word_1_272' title='bbox 1576 1433 1611 1461; x_wconf 76' lang='lat' dir='ltr'>ab</span> <span class='ocrx_word' id='word_1_273' title='bbox 1628 1433 1684 1462; x_wconf 82' lang='lat' dir='ltr'>At-</span> 
     </span>
     <span class='ocr_line' id='line_1_26' title="bbox 161 1484 1680 1524; baseline -0.001 -11"><span class='ocrx_word' id='word_1_274' title='bbox 161 1485 222 1514; x_wconf 85' lang='lat' dir='ltr'>talo</span> <span class='ocrx_word' id='word_1_275' title='bbox 243 1484 371 1521; x_wconf 89' lang='lat' dir='ltr'>Pergami</span> <span class='ocrx_word' id='word_1_276' title='bbox 391 1492 456 1521; x_wconf 84' lang='lat' dir='ltr'>rege</span> <span class='ocrx_word' id='word_1_277' title='bbox 470 1484 579 1514; x_wconf 82' lang='lat' dir='ltr'>missus</span> <span class='ocrx_word' id='word_1_278' title='bbox 599 1486 635 1514; x_wconf 86' lang='lat' dir='ltr'>ad</span> <span class='ocrx_word' id='word_1_279' title='bbox 650 1486 786 1515; x_wconf 83' lang='lat' dir='ltr'>Senatum</span> <span class='ocrx_word' id='word_1_280' title='bbox 801 1488 936 1524; x_wconf 76' lang='lat' dir='ltr'>legatus,</span> <span class='ocrx_word' id='word_1_281' title='bbox 960 1489 1034 1518; x_wconf 88' lang='lat' dir='ltr'>inter</span> <span class='ocrx_word' id='word_1_282' title='bbox 1051 1489 1211 1518; x_wconf 90' lang='lat' dir='ltr'>secundum</span> <span class='ocrx_word' id='word_1_283' title='bbox 1230 1494 1261 1517; x_wconf 83' lang='lat' dir='ltr'>ac</span> <span class='ocrx_word' id='word_1_284' title='bbox 1282 1486 1397 1516; x_wconf 76' lang='lat' dir='ltr'>tertium</span> <span class='ocrx_word' id='word_1_285' title='bbox 1412 1486 1553 1515; x_wconf 89' lang='lat' dir='ltr'>Punicum</span> <span class='ocrx_word' id='word_1_286' title='bbox 1571 1484 1680 1513; x_wconf 81' lang='lat' dir='ltr'>bellum</span> 
     </span>
     <span class='ocr_line' id='line_1_27' title="bbox 161 1535 1681 1575; baseline -0.001 -10"><span class='ocrx_word' id='word_1_287' title='bbox 161 1535 215 1566; x_wconf 84' lang='lat'>01.</span> <span class='ocrx_word' id='word_1_288' title='bbox 238 1536 340 1572; x_wconf 82' lang='lat' dir='ltr'>CLn,</span> <span class='ocrx_word' id='word_1_289' title='bbox 359 1545 398 1572; x_wconf 83' lang='lat'>4,</span> <span class='ocrx_word' id='word_1_290' title='bbox 422 1536 461 1564; x_wconf 88' lang='lat' dir='ltr'>A.</span> <span class='ocrx_word' id='word_1_291' title='bbox 481 1536 524 1565; x_wconf 90' lang='lat' dir='ltr'>U.</span> <span class='ocrx_word' id='word_1_292' title='bbox 545 1538 620 1572; x_wconf 79' lang='lat'>585,</span> <span class='ocrx_word' id='word_1_293' title='bbox 641 1543 705 1566; x_wconf 85' lang='lat' dir='ltr'>ante</span> <span class='ocrx_word' id='word_1_294' title='bbox 725 1537 766 1566; x_wconf 91' lang='lat' dir='ltr'>N.</span> <span class='ocrx_word' id='word_1_295' title='bbox 782 1538 822 1567; x_wconf 88' lang='lat' dir='ltr'>A.</span> <span class='ocrx_word' id='word_1_296' title='bbox 840 1540 904 1568; x_wconf 80' lang='lat'>168.</span> <span class='ocrx_word' id='word_1_297' title='bbox 953 1540 1022 1569; x_wconf 93' lang='lat' dir='ltr'>Vid.</span> <span class='ocrx_word' id='word_1_298' title='bbox 1050 1541 1201 1569; x_wconf 73' lang='lat' dir='ltr'>Suetonius</span> <span class='ocrx_word' id='word_1_299' title='bbox 1217 1539 1250 1568; x_wconf 77' lang='lat' dir='ltr'>de</span> <span class='ocrx_word' id='word_1_300' title='bbox 1265 1536 1432 1575; x_wconf 73' lang='lat' dir='ltr'>Illustrlbus</span> <span class='ocrx_word' id='word_1_301' title='bbox 1454 1537 1681 1573; x_wconf 81' lang='lat' dir='ltr'>Grammaticis,</span> 
     </span>
     <span class='ocr_line' id='line_1_28' title="bbox 165 1587 1681 1628; baseline 0.001 -11"><span class='ocrx_word' id='word_1_302' title='bbox 165 1596 179 1617; x_wconf 73' lang='grc' dir='ltr'><strong><em>ι</em></strong></span> <span class='ocrx_word' id='word_1_303' title='bbox 200 1595 228 1617; x_wconf 83' lang='lat' dir='ltr'>et</span> <span class='ocrx_word' id='word_1_304' title='bbox 244 1597 279 1617; x_wconf 85' lang='lat'>2:</span> <span class='ocrx_word' id='word_1_305' title='bbox 302 1593 330 1616; x_wconf 89' lang='lat' dir='ltr'>et</span> <span class='ocrx_word' id='word_1_306' title='bbox 351 1587 499 1616; x_wconf 82' lang='lat' dir='ltr'>NobiliSs.</span> <span class='ocrx_word' id='word_1_307' title='bbox 522 1588 688 1625; x_wconf 72' lang='lat' dir='ltr'>Lyndenius</span> <span class='ocrx_word' id='word_1_308' title='bbox 704 1588 735 1617; x_wconf 89' lang='lat' dir='ltr'>in</span> <span class='ocrx_word' id='word_1_309' title='bbox 755 1588 875 1628; x_wconf 82' lang='lat' dir='ltr'>Disput.</span> <span class='ocrx_word' id='word_1_310' title='bbox 903 1590 938 1619; x_wconf 74' lang='lat' dir='ltr'>de</span> <span class='ocrx_word' id='word_1_311' title='bbox 957 1591 1100 1620; x_wconf 71' lang='lat' dir='ltr'>Panaetio</span> <span class='ocrx_word' id='word_1_312' title='bbox 1121 1591 1198 1620; x_wconf 52' lang='lat' dir='ltr'>Secta</span> <span class='ocrx_word' id='word_1_313' title='bbox 1216 1591 1241 1620; x_wconf 86' lang='lat' dir='ltr'>I.</span> <span class='ocrx_word' id='word_1_314' title='bbox 1263 1591 1279 1627; x_wconf 72' lang='lat' dir='ltr'>S</span> <span class='ocrx_word' id='word_1_315' title='bbox 1298 1589 1335 1625; x_wconf 80' lang='lat'>6,</span> <span class='ocrx_word' id='word_1_316' title='bbox 1358 1589 1409 1625; x_wconf 87' lang='lat' dir='ltr'>qui</span> <span class='ocrx_word' id='word_1_317' title='bbox 1432 1589 1467 1618; x_wconf 85' lang='lat' dir='ltr'>de</span> <span class='ocrx_word' id='word_1_318' title='bbox 1487 1588 1543 1618; x_wconf 90' lang='lat' dir='ltr'>hoc</span> <span class='ocrx_word' id='word_1_319' title='bbox 1567 1588 1681 1618; x_wconf 59' lang='lat' dir='ltr'>Cratffl</span> 
     </span>
     <span class='ocr_line' id='line_1_29' title="bbox 162 1639 738 1676; baseline 0.002 -6"><span class='ocrx_word' id='word_1_320' title='bbox 162 1639 287 1673; x_wconf 86' lang='lat' dir='ltr'>Panaetii</span> <span class='ocrx_word' id='word_1_321' title='bbox 311 1640 430 1669; x_wconf 84' lang='lat' dir='ltr'>doctore</span> <span class='ocrx_word' id='word_1_322' title='bbox 452 1639 562 1676; x_wconf 86' lang='lat' dir='ltr'>egregie</span> <span class='ocrx_word' id='word_1_323' title='bbox 582 1639 738 1671; x_wconf 88' lang='lat' dir='ltr'>disserunt.</span> 
     </span>
    </p>

    <p class='ocr_par' dir='ltr' id='par_1_6' title="bbox 160 1690 1684 1990">
     <span class='ocr_line' id='line_1_30' title="bbox 200 1690 1681 1732; baseline -0.001 -12"><span class='ocrx_word' id='word_1_324' title='bbox 200 1692 308 1720; x_wconf 82' lang='lat' dir='ltr'>Verum</span> <span class='ocrx_word' id='word_1_325' title='bbox 324 1696 360 1718; x_wconf 85' lang='lat' dir='ltr'>ne</span> <span class='ocrx_word' id='word_1_326' title='bbox 385 1690 452 1725; x_wconf 82' lang='lat' dir='ltr'>quis</span> <span class='ocrx_word' id='word_1_327' title='bbox 475 1691 611 1720; x_wconf 87' lang='lat' dir='ltr'>hodierna</span> <span class='ocrx_word' id='word_1_328' title='bbox 633 1691 771 1727; x_wconf 82' lang='lat' dir='ltr'>loquendi</span> <span class='ocrx_word' id='word_1_329' title='bbox 795 1693 1005 1723; x_wconf 86' lang='lat' dir='ltr'>consuetudine</span> <span class='ocrx_word' id='word_1_330' title='bbox 1024 1695 1185 1732; x_wconf 84' lang='lat' dir='ltr'>deceptus,</span> <span class='ocrx_word' id='word_1_331' title='bbox 1206 1701 1273 1722; x_wconf 91' lang='lat' dir='ltr'>cum</span> <span class='ocrx_word' id='word_1_332' title='bbox 1293 1691 1514 1722; x_wconf 75' lang='lat' dir='ltr'>Grammaticam</span> <span class='ocrx_word' id='word_1_333' title='bbox 1535 1691 1681 1727; x_wconf 73' lang='lat' dir='ltr'>dicimus,</span> 
     </span>
     <span class='ocr_line' id='line_1_31' title="bbox 163 1740 1682 1784; baseline 0 -12"><span class='ocrx_word' id='word_1_334' title='bbox 163 1744 200 1774; x_wconf 86' lang='lat' dir='ltr'>de</span> <span class='ocrx_word' id='word_1_335' title='bbox 218 1751 249 1772; x_wconf 64' lang='lat' dir='ltr'>oa</span> <span class='ocrx_word' id='word_1_336' title='bbox 268 1750 322 1771; x_wconf 92' lang='lat' dir='ltr'>nos</span> <span class='ocrx_word' id='word_1_337' title='bbox 347 1747 406 1769; x_wconf 84' lang='lat' dir='ltr'>arte</span> <span class='ocrx_word' id='word_1_338' title='bbox 426 1740 509 1776; x_wconf 81' lang='lat' dir='ltr'>loqui</span> <span class='ocrx_word' id='word_1_339' title='bbox 527 1747 630 1777; x_wconf 87' lang='lat' dir='ltr'>putet,</span> <span class='ocrx_word' id='word_1_340' title='bbox 652 1751 725 1779; x_wconf 81' lang='lat' dir='ltr'>quae</span> <span class='ocrx_word' id='word_1_341' title='bbox 745 1744 777 1773; x_wconf 89' lang='lat' dir='ltr'>in</span> <span class='ocrx_word' id='word_1_342' title='bbox 803 1746 865 1774; x_wconf 89' lang='lat' dir='ltr'>sola</span> <span class='ocrx_word' id='word_1_343' title='bbox 888 1745 1004 1783; x_wconf 89' lang='lat' dir='ltr'>linguae</span> <span class='ocrx_word' id='word_1_344' title='bbox 1024 1747 1176 1784; x_wconf 85' lang='lat' dir='ltr'>cujusdam</span> <span class='ocrx_word' id='word_1_345' title='bbox 1197 1745 1383 1782; x_wconf 88' lang='lat' dir='ltr'>cognitione,</span> <span class='ocrx_word' id='word_1_346' title='bbox 1409 1744 1531 1781; x_wconf 83' lang='lat' dir='ltr'>ejusque</span> <span class='ocrx_word' id='word_1_347' title='bbox 1550 1742 1682 1780; x_wconf 84' lang='lat' dir='ltr'>singulo-</span> 
     </span>
     <span class='ocr_line' id='line_1_32' title="bbox 161 1793 1683 1834; baseline -0.001 -10"><span class='ocrx_word' id='word_1_348' title='bbox 161 1803 228 1826; x_wconf 79' lang='lat' dir='ltr'>mm</span> <span class='ocrx_word' id='word_1_349' title='bbox 249 1794 423 1828; x_wconf 86' lang='lat' dir='ltr'>verborum,</span> <span class='ocrx_word' id='word_1_350' title='bbox 443 1793 666 1830; x_wconf 85' lang='lat' dir='ltr'>eorumdemque</span> <span class='ocrx_word' id='word_1_351' title='bbox 684 1797 966 1833; x_wconf 86' lang='lat' dir='ltr'>construendorum,</span> <span class='ocrx_word' id='word_1_352' title='bbox 991 1798 1102 1827; x_wconf 84' lang='lat' dir='ltr'>ratione</span> <span class='ocrx_word' id='word_1_353' title='bbox 1116 1804 1263 1834; x_wconf 76' lang='lat' dir='ltr'>versetur-3</span> <span class='ocrx_word' id='word_1_354' title='bbox 1286 1796 1456 1834; x_wconf 85' lang='lat' dir='ltr'>priusquam</span> <span class='ocrx_word' id='word_1_355' title='bbox 1475 1796 1558 1832; x_wconf 88' lang='lat' dir='ltr'>plura</span> <span class='ocrx_word' id='word_1_356' title='bbox 1580 1793 1614 1823; x_wconf 88' lang='lat' dir='ltr'>de</span> <span class='ocrx_word' id='word_1_357' title='bbox 1630 1794 1683 1822; x_wconf 83' lang='lat' dir='ltr'>hu-</span> 
     </span>
     <span class='ocr_line' id='line_1_33' title="bbox 160 1845 1684 1887; baseline -0.003 -9"><span class='ocrx_word' id='word_1_358' title='bbox 160 1849 213 1887; x_wconf 64' lang='lat' dir='ltr'>jus</span> <span class='ocrx_word' id='word_1_359' title='bbox 232 1847 321 1878; x_wconf 88' lang='lat' dir='ltr'>studii</span> <span class='ocrx_word' id='word_1_360' title='bbox 344 1846 464 1876; x_wconf 83' lang='lat' dir='ltr'>historia</span> <span class='ocrx_word' id='word_1_361' title='bbox 483 1845 632 1883; x_wconf 85' lang='lat' dir='ltr'>dicamus,</span> <span class='ocrx_word' id='word_1_362' title='bbox 659 1847 761 1884; x_wconf 85' lang='lat' dir='ltr'>paucis</span> <span class='ocrx_word' id='word_1_363' title='bbox 776 1849 1055 1879; x_wconf 86' lang='lat' dir='ltr'>animadvertendum</span> <span class='ocrx_word' id='word_1_364' title='bbox 1074 1856 1137 1886; x_wconf 77' lang='lat' dir='ltr'>est,</span> <span class='ocrx_word' id='word_1_365' title='bbox 1163 1849 1256 1877; x_wconf 88' lang='lat' dir='ltr'>multo</span> <span class='ocrx_word' id='word_1_366' title='bbox 1272 1848 1358 1877; x_wconf 74' lang='lat' dir='ltr'>latius</span> <span class='ocrx_word' id='word_1_367' title='bbox 1383 1848 1451 1876; x_wconf 91' lang='lat' dir='ltr'>olim</span> <span class='ocrx_word' id='word_1_368' title='bbox 1475 1845 1684 1876; x_wconf 76' lang='lat' dir='ltr'>Grammatico·</span> 
     </span>
     <span class='ocr_line' id='line_1_34' title="bbox 163 1896 1684 1938; baseline -0.002 -9"><span class='ocrx_word' id='word_1_369' title='bbox 163 1908 230 1929; x_wconf 77' lang='lat' dir='ltr'>rum</span> <span class='ocrx_word' id='word_1_370' title='bbox 251 1907 357 1928; x_wconf 85' lang='lat' dir='ltr'>munus</span> <span class='ocrx_word' id='word_1_371' title='bbox 375 1899 515 1935; x_wconf 84' lang='lat' dir='ltr'>patuisse.</span> <span class='ocrx_word' id='word_1_372' title='bbox 565 1899 700 1936; x_wconf 82' lang='lat' dir='ltr'>Quatuor</span> <span class='ocrx_word' id='word_1_373' title='bbox 719 1900 794 1929; x_wconf 88' lang='lat' dir='ltr'>enim</span> <span class='ocrx_word' id='word_1_374' title='bbox 816 1902 907 1938; x_wconf 70' lang='lat' dir='ltr'>vulgo</span> <span class='ocrx_word' id='word_1_375' title='bbox 935 1901 1104 1931; x_wconf 84' lang='lat' dir='ltr'>censebatur</span> <span class='ocrx_word' id='word_1_376' title='bbox 1123 1899 1254 1937; x_wconf 87' lang='lat' dir='ltr'>partibus</span> <span class='ocrx_word' id='word_1_377' title='bbox 1295 1899 1436 1930; x_wconf 87' lang='lat' dir='ltr'>contineri</span> <span class='ocrx_word' id='word_1_378' title='bbox 1460 1901 1476 1934; x_wconf 74' lang='grc' dir='ltr'><em>ἢ</em></span> <span class='ocrx_word' id='word_1_379' title='bbox 1499 1896 1684 1936; x_wconf 64' lang='grc' dir='ltr'>γραμματικὴ</span> 
     </span>
     <span class='ocr_line' id='line_1_35' title="bbox 169 1946 1682 1990; baseline -0.003 -10"><span class='ocrx_word' id='word_1_380' title='bbox 169 1949 235 1979; x_wconf 84' lang='lat' dir='ltr'>scil.</span> <span class='ocrx_word' id='word_1_381' title='bbox 251 1951 350 1987; x_wconf 69' lang='grc' dir='ltr'><strong><em>τέχνηε</em></strong></span> <span class='ocrx_word' id='word_1_382' title='bbox 371 1950 496 1986; x_wconf 81' lang='lat' dir='ltr'>primum</span> <span class='ocrx_word' id='word_1_383' title='bbox 510 1950 680 1987; x_wconf 63' lang='grc' dir='ltr'><strong><em>ἆνεγνῶσει,</em></strong></span> <span class='ocrx_word' id='word_1_384' title='bbox 699 1951 832 1988; x_wconf 77' lang='lat' dir='ltr'>lectione,</span> <span class='ocrx_word' id='word_1_385' title='bbox 850 1952 909 1982; x_wconf 86' lang='lat' dir='ltr'>sive</span> <span class='ocrx_word' id='word_1_386' title='bbox 923 1953 1035 1990; x_wconf 88' lang='lat' dir='ltr'>legendi</span> <span class='ocrx_word' id='word_1_387' title='bbox 1050 1959 1124 1987; x_wconf 81' lang='lat' dir='ltr'>arte3</span> <span class='ocrx_word' id='word_1_388' title='bbox 1146 1958 1208 1978; x_wconf 90' lang='lat' dir='ltr'>tum</span> <span class='ocrx_word' id='word_1_389' title='bbox 1224 1950 1367 1986; x_wconf 70' lang='grc' dir='ltr'><strong><em>διορθώσει,</em></strong></span> <span class='ocrx_word' id='word_1_390' title='bbox 1384 1946 1577 1979; x_wconf 66' lang='lat' dir='ltr'>emendatione</span> <span class='ocrx_word' id='word_1_391' title='bbox 1593 1947 1682 1976; x_wconf 90' lang='lat' dir='ltr'>libro-</span> 
     </span>
    </p>
   </div>
   <div class='ocr_carea' id='block_1_6' title="bbox 159 1998 1686 2084">
    <p class='ocr_par' dir='ltr' id='par_1_7' title="bbox 159 1998 1686 2084">
     <span class='ocr_line' id='line_1_36' title="bbox 159 1998 1682 2041; baseline -0.003 -9"><span class='ocrx_word' id='word_1_392' title='bbox 159 2007 229 2032; x_wconf 69' lang='grc' dir='ltr'>,τω</span> <span class='ocrx_word' id='word_1_393' title='bbox 242 2000 437 2039; x_wconf 79' lang='lat' dir='ltr'>scriptorum,</span> <span class='ocrx_word' id='word_1_394' title='bbox 459 2001 521 2032; x_wconf 85' lang='lat' dir='ltr'>sive</span> <span class='ocrx_word' id='word_1_395' title='bbox 536 2002 692 2041; x_wconf 86' lang='lat' dir='ltr'>vitiorum,</span> <span class='ocrx_word' id='word_1_396' title='bbox 712 2010 784 2041; x_wconf 84' lang='lat' dir='ltr'>quae</span> <span class='ocrx_word' id='word_1_397' title='bbox 802 2003 987 2034; x_wconf 81' lang='lat' dir='ltr'>librariorum</span> <span class='ocrx_word' id='word_1_398' title='bbox 1002 2003 1090 2039; x_wconf 77' lang='lat' dir='ltr'>culpa</span> <span class='ocrx_word' id='word_1_399' title='bbox 1103 2001 1133 2032; x_wconf 87' lang='lat' dir='ltr'>in</span> <span class='ocrx_word' id='word_1_400' title='bbox 1148 2008 1198 2032; x_wconf 87' lang='lat' dir='ltr'>eos</span> <span class='ocrx_word' id='word_1_401' title='bbox 1216 2001 1405 2039; x_wconf 82' lang='lat' dir='ltr'>irrepserant:</span> <span class='ocrx_word' id='word_1_402' title='bbox 1425 2008 1515 2037; x_wconf 86' lang='lat' dir='ltr'>porro</span> <span class='ocrx_word' id='word_1_403' title='bbox 1533 1998 1682 2036; x_wconf 73' lang='grc' dir='ltr'><strong><em>ἐξηγήσει,</em></strong></span> 
     </span>
     <span class='ocr_line' id='line_1_37' title="bbox 1015 2052 1686 2084; baseline -0.012 0"><span class='ocrx_word' id='word_1_404' title='bbox 1015 2052 1043 2084; x_wconf 89' lang='lat' dir='ltr'>D</span> <span class='ocrx_word' id='word_1_405' title='bbox 1599 2055 1686 2077; x_wconf 69' lang='lat' dir='ltr'>cnar-</span> 
     </span>
    </p>
   </div>
  </div>
 </body>
</html>
