1940 2474
198 151 219 185 6
472 149 511 182 G.
597 148 628 181 J.
713 150 753 182 C.
843 144 954 180 v'Azc
1040 148 1430 184 MAssow.

200 237 365 270 conditIOne
385 243 462 272 erat,
484 243 633 273 propterea
658 236 742 265 etiam
755 236 780 265 ei
800 235 996 265 Publicianam
1017 236 1148 265 concedit
1163 236 1270 273 JCtus.
1312 236 1453 275 Quisnam
1475 245 1542 268 vero
1558 238 1624 269 inde
1642 246 1712 270 con-

200 289 375 326 sequentiam
393 288 501 317 trahere
525 288 628 324 vellet,
653 297 719 326 ergo
746 296 817 325 quae
845 287 875 316 in
896 286 1084 323 Usucapione
1105 288 1292 324 requiruntur
1315 290 1350 317 ad
1382 289 1585 318 instituendam
1612 291 1711 320 Publi-

201 342 308 370 cianam
332 340 498 370 sufficiunt?
527 340 642 376 Nemo,
671 346 746 369 certe
761 338 839 377 Juris
862 338 1042 374 aliquatenus
1068 339 1197 375 peritus,
1227 340 1256 369 id
1278 348 1343 376 prae
1368 348 1399 369 se
1425 340 1496 370 ferre
1520 342 1615 371 audet.
1662 343 1714 371 Et-

200 391 273 421 enim
295 391 325 420 in
346 400 379 420 eo
402 390 538 420 differunt
558 391 725 420 Publiciana
750 397 778 420 et
797 389 970 426 Usucapio‚
993 391 1072 425 quod
1094 390 1138 426 ei,
1162 391 1211 426 qui
1233 398 1277 420 cst
1303 391 1333 421 in
1356 392 1522 421 conditione
1544 393 1715 430 usucapien-

190 432 231 472 'cli
251 452 290 471 m.
314 442 334 472 f.
357 442 559 479 superveniens
581 451 682 472 nocere
702 449 843 479 nequeat,
867 441 1002 478 quoniam
1025 450 1107 471 nemo
1130 442 1186 471 sibi
1203 443 1265 479 ipse
1286 452 1416 473 caussam
1438 445 1635 481 possessionis
1655 454 1716 474 mu-

201 501 260 524 tare
280 500 394 530 potest,
416 495 455 523 L.
473 505 521 531 40.
545 497 573 532 ἕ.
593 506 619 524 2.
637 495 674 532 ff.
699 495 734 524 de
756 495 825 534 adq.
842 494 890 525 νεῖ
908 504 965 523 am.
979 501 1053 532 poss.
1102 493 1166 524 Hoc
1188 503 1287 524 verum
1313 502 1357 524 est
1380 496 1415 524 de
1434 494 1642 532 Usucapione‚
1664 496 1716 525 ubi

203 553 248 574 res
266 545 358 574 adhuc
381 546 568 583 possidetur,
595 548 644 575 sed
665 547 735 576 ratio
757 547 804 575 illa
827 547 857 575 in
875 545 1041 575 Publiciana
1062 546 1154 575 valere
1177 547 1290 583 nequit.
1330 547 1375 576 Ea
1398 547 1472 576 enim
1499 554 1632 584 agentes»,
1656 554 1716 579 non

201 597 325 633 amplius
351 597 507 633 gaudemus
532 598 570 627 rei
589 599 790 635 possessione,
813 599 863 628 sed
880 609 937 630 rem
960 603 1094 630 amissam
1118 601 1284 638 repetimus.
1324 601 1403 630 Haec
1423 601 1458 630 de
1477 595 1613 637 objectis.

241 648 378 678 Nostram
402 658 469 679 vero
499 651 666 679 sententiam
693 651 762 680 satis
786 652 859 680 clare
880 652 984 688 probat
1005 652 1044 681 L.
1063 662 1092 689 7.
1122 653 1151 689 §-
1172 653 1226 682 ult.
1245 652 1282 690 ff.
1304 653 1333 681 h.
1356 652 1389 681 Τ.
1421 652 1471 681 ubi
1492 652 1531 681 ita
1555 652 1717 690 Ulpianus.-

207 720 226 736 „
246 699 391 736 Julianus
417 701 455 731 L.
474 710 501 737 7.
532 702 607 739 Dig.
637 704 753 741 scripsit
774 703 962 732 traditionem
988 706 1033 732 m·
1059 711 1150 733 emtae
1180 711 1309 744 oportere
1338 704 1367 733 l).
1386 704 1417 741 f.
1442 703 1531 740 fieri,
1559 703 1677 741 ideoque
1695 703 1722 732 si

208 772 228 789 2,
246 753 334 780 sciens
364 753 489 781 alienam
508 756 705 791 possessionem
730 754 976 792 aclt‘larahenderet,
1004 756 1183 786 Publiciana
1205 767 1267 786 cum
1291 756 1424 794 experiri
1445 765 1501 783 non
1519 762 1618 793 posse,
1649 753 1721 792 quia

208 822 228 839 „
248 809 404 841 usucapere
424 812 479 831 non
495 810 631 841 poterat‚·
653 813 703 832 nec
721 806 871 843 quisquam
893 812 998 843 putet,
1021 807 1071 834 hoc
1093 816 1140 834 nos
1160 809 1347 842 existimare,
1373 808 1496 844 sufficere
1516 806 1601 833 im'tio
1624 802 1722 832 tradi-

206 873 226 889 „
247 855 332 883 tionis
362 856 509 892 ignorasse
539 849 599 883 rem
624 855 770 891 alienam,
800 857 844 884 uti
874 857 938 893 quis
962 859 1052 894 possit
1078 857 1254 890 Publiciana
1279 859 1430 895 experiri,
1464 856 1513 885 sed
1539 862 1671 894 oportere
1693 859 1722 885 et

211 925 229 940 ,‚
250 911 319 933 tunc
350 906 377 934 b.
396 906 426 943 f.
449 905 598 935 Emtorem
620 907 709 935 esse.”
755 907 796 935 At
817 908 918 944 ingens
943 908 1012 936 mihi
1038 907 1086 936 hic
1113 908 1239 945 exsurgit
1263 907 1487 936 adversariorum
1514 906 1638 942 cohors,
1667 904 1725 935 cla-¹

208 955 346 984 mantium
379 959 410 987 τὸ
441 957 518 985 Tunc
549 957 765 994 intelligendum
796 966 876 993 esse,
913 959 947 987 de
975 964 1103 994 tempore
1130 959 1313 998 traditipnis,
1342 959 1381 987 ita
1407 964 1448 990 ut,
1471 957 1641 991 antecedens
1667 955 1725 988 im?-

209 1009 282 1037 u'um
306 1009 330 1036 T
329 1009 484 1039 raditionis
508 1010 671 1046 explicent,
702 1012 781 1046 quod
803 1010 842 1040 sit
859 1018 974 1046 tempus
996 1017 1060 1039 ante
1085 1010 1303 1046 Traditionem,
1326 1018 1386 1046 quo
1408 1008 1518 1039 scilicet
1543 1008 1726 1040 Contractus

210 1058 301 1088 initus
326 1068 369 1088 est
389 1061 468 1098 (4).
517 1061 577 1090 Alii
604 1070 705 1091 rursus
727 1064 859 1091 voculam
887 1063 970 1093 istam
993 1063 1118 1095 referunt
1139 1066 1174 1094 ad
1198 1071 1310 1100 tempus
1332 1063 1530 1096 Contractus,
1555 1068 1611 1097 nos
1632 1067 1725 1097 vem·

208 1111 319 1139 neutris
341 1112 554 1147 adsentientes,
576 1121 634 1142 eam
654 1115 688 1142 ad
708 1114 748 1143 nil
769 1115 846 1144 aliud
870 1116 1030 1151 pertinere,
1061 1124 1146 1152 quam
1171 1117 1206 1146 ad
1228 1115 1399 1153 praecedens
1421 1114 1541 1148 verbum
1561 1109 1726 1150 Experiri,

208 1161 238 1190 id
261 1168 306 1190 est
327 1164 361 1193 ad
380 1169 494 1200 tempus
517 1164 709 1194 instituendae
733 1166 856 1195 actionis
882 1168 1064 1197 arbitrQamur

248 1213 392 1250 Julianus
411 1216 485 1244 enim
505 1217 525 1245 1.
542 1225 568 1247 c.
589 1217 708 1254 dicens,
733 1218 929 1248 Traditionem
950 1220 990 1249 rei
1011 1226 1099 1250 emtae
1119 1226 1250 1256 oportere
1271 1219 1302 1248 b.
1316 1218 1341 1248 f.
1363 1196 1630 1253 fieriysententiam
1648 1211 1730 1247 Sabi-

211 1267 259 1301 ni,
282 1267 366 1303 qu'us
387 1267 497 1296 Sectam
518 1275 636 1297 secutus
658 1275 703 1297 est
722 1269 787 1307 (5)
809 1271 963 1306 exposuit,
987 1271 1057 1307 qui,
1079 1278 1111 1300 ut
1133 1279 1149 1300 a
1170 1270 1254 1300 nobis
1275 1271 1331 1306 jam
1349 1275 1429 1298 antea
1449 1268 1587 1300 relatum,
1609 1269 1728 1298 conten-

213 1316 315 1352 debat,
348 1325 408 1345 non
436 1319 531 1346 solum
563 1326 692 1356 tempore
719 1321 916 1357 Contractus,
949 1329 981 1351 ut
1015 1322 1155 1359 putabant
1184 1322 1377 1355 Proculiani,
1409 1320 1460 1348 sed
1491 1324 1520 1347 et
1550 1313 1730 1347 Traditionis

212 1366 243 1394 b.
261 1365 285 1395 f.
307 1367 404 1396 adesse
428 1368 538 1398 debere.
580 1371 624 1399 De
646 1377 775 1406 tempore
795 1372 973 1400 Contractus
997 1372 1076 1399 nulla
1099 1373 1171 1400 inter
1190 1380 1240 1400 eos
1265 1371 1426 1405 dissensio,
1447 1378 1481 1399 eo
1500 1369 1574 1399 enim
1594 1368 1625 1396 ba
1642 1365 1666 1394 f·
1688 1371 1729 1393 Γθ·

213 1418 290 1453 quiri
310 1418 423 1454 utrique
445 1420 665 1454 existimabant,
686 1421 784 1455 itaque
805 1420 839 1448 de
862 1427 895 1447 eo
920 1427 979 1447 non
1001 1420 1133 1454 loquitur
1150 1420 1305 1453 Julmnus.
1347 1420 1392 1444 De
1412 1417 1582 1447 Traditione
1599 1415 1662 1444 sota
1686 1413 1728 1443 af-

213 1469 323 1506 firmat,
339 1470 371 1498 b.
390 1469 413 1498 f.
436 1470 559 1505 requiri:
584 1471 726 1509 Ulpt'atms
741 1477 854 1506 autem,
877 1478 927 1498 nec
938 1469 1082 1504 Proculi,
1098 1477 1149 1497 nec
1167 1468 1288 1503 Sabini,
1304 1466 1472 1498 sententiam
1488 1471 1626 1501 secutus,
1646 1465 1730 1498 istam

217 1526 310 1550 tamen
341 1521 507 1558 opinionem
530 1522 654 1558 Jalt'cmi
676 1522 817 1558 referens,
847 1529 982 1556 tanquam
1010 1521 1168 1557 optimam,
1196 1527 1290 1555 neque
1321 1519 1376 1547 hoc
1401 1518 1529 1547 sufficere
1556 1523 1668 1551 censet,
1697 1521 1732 1547 ut

217 1572 284 1608 quis
303 1573 340 1600 sit
359 1573 391 1601 b.
408 1572 430 1601 f.
453 1580 580 1610 tempore
603 1574 781 1604 Contractus
805 1580 832 1603 et
855 1572 1055 1609 Traditionis,
1078 1573 1127 1602 sed
1146 1578 1278 1609 oportere
1300 1576 1327 1600 et
1349 1569 1375 1600 T
1373 1579 1445 1607 une,
1470 1577 1538 1598 cum
1566 1567 1731 1600 instituitur

215 1622 396 1660 Publiciana,
417 1625 446 1652 b.
466 1624 489 1653 f.
511 1625 618 1654 adesse.

256 1674 345 1703 Aliud
367 1682 394 1703 et
416 1684 475 1704 non
494 1676 589 1704 minus
615 1677 731 1706 evidens
755 1686 953 1714 argumentum
977 1677 1147 1708 sententiam
1168 1684 1295 1707 nostram
1317 1675 1409 1704 firmat
1424 1674 1453 1703 in
1474 1674 1514 1707 L.
1536 1680 1580 1709 15.
1601 1672 1630 1708 §-
1645 1680 1673 1699 2·
1690 1668 1727 1705 ff·

221 1724 255 1753 de
276 1725 383 1762 Usurp.
408 1731 435 1752 et
460 1727 672 1764 Ustec·ap.1bi
697 1729 770 1756 enim
792 1730 903 1759 Paullcs
921 1731 1016 1768 JCtus
1041 1731 1142 1765 docet,
1167 1738 1252 1765 eum,
1277 1729 1326 1764 qui
1347 1734 1410 1756 ante
1434 1725 1649 1760 Usucapioncm
1673 1730 1729 1750 rem

220 1777 362 1812 amiserit,
388 1777 506 1812 deinde,
535 1784 686 1814 antequam
711 1779 797 1809 istius
826 1781 864 1809 rei
887 1781 1104 1818 possessionem
1125 1781 1227 1809 iterum
1252 1786 1353 1809 nactus
1376 1784 1437 1814 est,
1464 1775 1650 1814 cognoverit,
1673 1781 1731 1802 rem

1669 1825 1735 1854 alic-

253 1904 302 1932 (4)
319 1904 356 1926 Cf·
372 1905 424 1927 Ant.
441 1906 507 1926 Faber
525 1907 547 1927 t'n
562 1907 612 1930 ΒΜ.
631 1907 660 1928 aa
672 1907 694 1928 lt·
710 1907 734 1930 T.
747 1909 774 1937 ff.
797 1911 822 1933 L.
837 1915 858 1936 7.
873 1909 896 1936 S.
911 1916 943 1938 ¹7·
966 1916 988 1933 n.
1002 1912 1023 1935 6.
1058 1911 1123 1936 Hmr.
1138 1918 1151 1933 a
1164 1911 1240 1933 Suum
1253 1912 1306 1940 Eup.
1319 1910 1380 1933 Lm.
1394 1909 1449 1939 Jur.
1465 1908 1512 1931 Cir·
1527 1912 1548 1930 t·
1561 1912 1598 1934 4⁴·
1614 1904 1636 1927 f·
1650 1904 1732 1928 ΟΨ*

224 1945 282 1968 Thu.
299 1945 350 1973 Jur.
366 1947 424 1968 Ram.
441 1949 465 1969 T.
478 1949 516 1970 lv,
535 1955 556 1976 p.
572 1955 607 1974 90-

252 1989 304 2017 (5)
319 1990 430 2013 tilatcoviut
443 1991 466 2012 da
479 1991 532 2013 Sur.
549 1991 597 2015 sab.
609 1998 637 2015 u.
653 1993 716 2016 Pru.
732 2000 752 2016 c.
765 2000 785 2016 2.
803 1993 822 2020 ἓ.
837 2000 858 2022 7.
