1940 2474
267 177 312 225 v'ss'
531 158 1524 213 JA'NI'T11E0D03113E‘RGMAN

267 267 384 300 lictum„
414 271 562 304 correptus
586 273 666 304 saepo
691 271 719 293 et
740 275 760 293 a
788 268 883 294 matre
908 271 935 292 ot
951 259 994 292 ‘ab'
1017 266 1096 294 avia.
1139 265 1208 293 Huc
1235 266 1359 301 denique
1384 266 1478 295 referri
1501 273 1614 303 potest,
1643 268 1722 303 quod
1744 267 1775 296 in

267 318 346 346 Ner.
369 326 415 352 37.
445 318 478 346 de
497 317 601 346 Cassio
625 316 773 353 Longino*
787 316 889 352 refert,
918 316 943 343 ei
969 316 1112 352 objectum
1134 321 1224 352 esse‚·
1244 317 1322 352 quod
1346 317 1375 346 in
1399 324 1493 346 vetere
1511 319 1609 354 gentili
1632 324 1776 351 stemmate

268 369 303 397 C.
327 367 421 396 Cassii
448 367 628 404 percussoris
652 368 785 397 Caesaris
814 367 961 404 imaginem
987 366 1161 395 retinuisset.
1218 367 1311 396 Tanta
1338 367 1384 396 'vis
1419 365 1478 397 fuit⁴
1504 368 1614 398 servilis
1641 375 1788 408 tyranno·-

267 421 331 448 rum
352 425 447 448 metus
469 421 504 448 ad
526 427 625 448 verum
646 420 849 448 occultandum
873 424 900 446 et
920 419 1151 454 pervertendum.
1195 438 1198 440 -
1576 447 1581 451 ,
1750 418 1752 421 ’
1772 422 1775 425 ·

275 479 282 483 ·
305 473 404 506 Atque
426 471 506 501 hisce
529 471 622 499 tribus
644 469 738 498 causis
764 476 891 505 quartam
917 469 999 498 etiam
1024 470 1173 506 adjungere
1192 470 1274 505 licet,
1297 468 1386 498 ortam
1410 468 1485 498 illam
1507 475 1540 499 ex
1562 471 1654 499 eadem
1674 471 1778 500 amissa

267 521 414 557 libertate,
437 530 521 557 quam
544 521 639 557 primo
662 523 727 549 loco
751 520 983 550 memoravimus.
1032 520 1183 549 Exstincta
1206 521 1278 549 enim
1305 521 1485 557 Republica,
1507 521 1644 558 paulatim
1663 521 1777 550 materia

268 572 426 601 Historiam
449 573 642 601 scribentibus
663 573 760 601 dee‘sse
781 572 896 608 coepit:
917 581 977 601 non
999 572 1098 607 quod,
1121 580 1192 607 quae
1214 573 1248 600 de
1272 573 1426 601 Caesarum
1451 573 1536 601 rebus
1561 572 1713 608 referrent,
1734 573 1780 601 de-

269 630 367 659 erant,
389 624 439 652 sed
455 625 534 659 quod
551 625 680 659 deerant,
700 632 772 659 quae
788 623 925 659 copiose,
947 629 1062 660 ornate,
1076 623 1273 659 adhibitisque
1290 624 1425 652 omnibus
1443 623 1588 653 Historiae
1603 623 1780 659 virtutibus,

269 674 423 703 referrent:
458 674 561 703 Tantis
586 674 741 703 sceleribus
766 674 860 702 omnia
884 674 984 702 referta
1013 673 1109 709 erant,
1138 681 1194 702 tam
1220 683 1304 710 parva
1327 673 1359 702 ac
1386 675 1492 710 pusilla
1518 675 1632 711 negotia
1657 674 1780 703 notanda

271 730 367 761 erant,
390 734 461 761 quae
477 726 531 754 vix
553 725 706 762 legentium
733 725 844 753 animos
870 731 995 754 tenerent
1023 731 1050 754 et
1076 725 1260 754 oblectarent.
1309 724 1416 753 Verum
1438 725 1508 760 quid
1529 725 1620 753 multa
1629 725 1648 762 52-
1671 724 1785 761 Auditi-1

271 784 336 805 mus
362 777 463 805 iterum
485 777 620 805 Tacitum
651 782 805 811 nostrum,
835 777 955 813 graviter
976 777 1028 805 hac
1051 777 1085 805 de
1107 785 1136 804 re
1158 782 1339 812 querentem,
1360 776 1474 811 sibique
1496 776 1607 805 veniam
1632 776 1782 812 postu-lam

272 834 347 863 tem,
369 828 449 863 quod
472 836 545 863 quae
564 827 693 855 narrabat
712 827 807 856 minus
829 828 903 856 clara
927 833 1042 862 essent,
1064 836 1148 862 quam
1178 835 1249 863 quae
1270 826 1452 862 abantiquis
1473 827 1530 855 illis
1554 826 1708 861 Sallustio,
1727 826 1781 855 Li·

273 878 341 913 vio,
364 878 442 913 aliis,
464 879 548 906 relata
569 884 657 906 erant.
698 878 746 905 Sic
770 877 859 913 igitur
879 877 977 912 inquit
997 877 1078 906 Ann.
1099 877 1163 912 IV,
1187 887 1238 913 32:
1269 878 1415 916 Pleraque
1433 887 1549 913 eorum,
1573 886 1647 916 quae
1671 878 1762 906 retuli
1769 897 1780 912 ‚

272 938 401 967 quaeque
424 929 572 965 referam,
594 935 693 966 parva
709 928 841 964 forsitan
862 934 889 955 et
913 928 990 958 levia
1015 933 1177 956 memoratu·
1197 927 1291 957 rideri
1309 927 1363 956 n'on
1389 930 1498 956 nescius
1523 929 1604 956 su'm:
1629 928 1681 956 scd
1703 934 1782 956 ncm'o

271 980 400 1008 Annales
425 986 532 1008 nostros
550 989 613 1007 cum
633 981 785 1017 scriptura
806 988 902 1007 corum
924 979 1121 1013 contenderit,
1150 980 1201 1016 qui
1219 985 1327 1008 veteres
1344 979 1446 1016 populi
1465 970 1592 1007 Rotnani
1612 985 1785 1016 rescompa-

275 1040 366 1060 suere.
407 1030 540 1068 Ingentia
560 1031 608 1059 illi
628 1030 719 1065 bella,
742 1031 965 1067 expugnationes
989 1029 1123 1064 urbium,
1139 1027 1223 1064 fusos
1246 1035 1398 1067 captosque
1418 1038 1516 1067 roges,
1539 1035 1607 1065 aut,
1629 1028 1785 1067 siquando

274 1082 317 1110 'ad
336 1083 454 1110 interna
475 1086 717 1120 praeverterent,
746 1080 907 1109 discordias
929 1072 1079 1109 Consulum
1103 1079 1240 1109 advorsus
1265 1079 1422 1115 Tribunos,
1453 1082 1593 1118 agrarias
1615 1080 1787 1116 frumenta-

276 1134 396 1171 riasque
419 1133 512 1170 leges,
537 1132 628 1171 plebis
655 1137 683 1159 et
712 1133 891 1170 optimatium
919 1133 1100 1166 certamina,
1127 1130 1215 1158 libero
1240 1139 1355 1167 egressu
1383 1131 1590 1160 memorabant.
1639 1131 1730 1160 Nobis
1753 1132 1786 1158 in

276 1190 360 1212 arcto
381 1190 408 1212 et
431 1184 573 1221 inglorius
595 1183 688 1211 labor.
737 1183 858 1211 Immota
879 1183 982 1220 quippo
1006 1187 1059 1210 aut
1083 1180 1189 1209 modice
1213 1181 1346 1209 lacessita
1369 1188 1453 1219 pax,
1479 1188 1600 1210 moestae
1619 1181 1697 1210 urbis
1718 1190 1783 1217 res,

276 1241 305 1263 et
323 1237 457 1273 princeps
480 1234 652 1272 proferendi
679 1235 796 1271 imperii
818 1234 979 1261 incuriosus
1001 1237 1077 1261 er'at.
1126 1232 1260 1267 Idemque
1285 1240 1348 1268 seq.
1372 1232 1447 1268 Cap.
1471 1239 1581 1268 praeter
1601 1232 1654 1261 alia
1677 1232 1788 1269 egregia

276 1285 344 1314 haec
363 1294 480 1322 quoque
500 1285 636 1321 scripsit:
669 1284 748 1312 Nam
770 1285 840 1311 situs
862 1285 1011 1320 gentium,
1039 1284 1198 1312 varietates
1218 1283 1416 1320 proeliorum,
1445 1283 1523 1311 clari
1549 1283 1653 1312 ducum
1675 1284 1788 1318 exitus,

276 1338 404 1364 'retinent
426 1346 460 1365 ac
481 1336 684 1374 redintegrant
700 1335 851 1373 legentium
867 1335 1012 1362 animum:
1033 1343 1080 1361 nos
1103 1342 1189 1362 saeva
1202 1333 1308 1369 jussa,
1329 1335 1478 1362 continuas
1497 1336 1709 1369 accusationes,
1722 1333 1787 1370 fale

277 1385 352 1414 lacos
371 1388 535 1422 amicitias,
557 1388 716 1425 perniciem
738 1386 945 1421 innocentium⁷
975 1390 1003 1412 et
1031 1383 1141 1413 easdem
1165 1386 1248 1413 exitu
1271 1393 1372 1413 causas
1396 1384 1610 1422 conjungimus,
1637 1385 1720 1415 obvia
1741 1393 1788 1413 rc-

276 1446 341 1465 rum
362 1438 549 1466 similitudine
571 1447 606 1466 ac
628 1440 774 1466 satietate.
1782 1459 1785 1462 -

313 1487 369 1516 His
391 1488 478 1524 igitur
497 1489 530 1517 de
554 1489 666 1524 cariffi,
688 1489 722 1517 de
742 1488 850 1524 quibus
879 1488 929 1518 cff.
959 1495 1031 1524 quae
1061 1489 1179 1525 scripsit
1203 1487 1378 1517 Aseincrsius
1407 1496 1439 1524 p.
1459 1490 1513 1524 284
1529 1503 1565 1511 -
1581 1487 1669 1523 286.‚
1699 1486 1785 1516 deflo-

275 1538 334 1566 ruit
358 1539 495 1568 historiae
519 1539 657 1576 scriptio,
687 1548 720 1568 eo
743 1546 835 1569 tamen
858 1540 1046 1576 melioribus,
1077 1548 1161 1576 quam
1187 1539 1369 1575 eloquentia,
1397 1538 1465 1568 fatiS
1490 1548 1560 1575 usa,
1592 1548 1651 1575 quo
1673 1547 1688 1567 a
1710 1545 1788 1574 prae-

275 1589 464 1618 stantioribus
486 1591 607 1627 ingeniis
629 1597 747 1619 tractata
766 1596 820 1618 est.
862 1590 936 1619 Nam
966 1590 1075 1619 Tiberii
1102 1597 1208 1625 aetate,
1231 1598 1307 1618 anno
1338 1589 1450 1618 circiter
1469 1590 1510 1619 N.
1536 1590 1573 1618 A.
1595 1598 1650 1626 30,
1679 1588 1788 1617 Sallus-

275 1638 380 1667 tianam
409 1639 545 1667 rationem
571 1642 654 1675 plane
682 1648 798 1670 secutus
828 1648 871 1670 est
895 1641 1021 1677 Vellojus
1056 1642 1252 1677 Paterculus,·
1279 1637 1335 1669 'cui
1359 1640 1401 1669 nil
1430 1641 1508 1669 aliud
1541 1640 1656 1675 obfuit,
1691 1647 1722 1667 ac
1744 1637 1786 1666 ni-

279 1690 333 1718 m'is
355 1689 490 1725 frequens
515 1690 716 1718 sententiarum
737 1692 884 1728 studium,
904 1699 932 1720 et
952 1692 1053 1721 infelix
1072 1692 1119 1721 illa
1133 1693 1287 1721 Caesarum
1303 1691 1445 1726 adulatio,
1468 1700 1552 1727 quam
1579 1699 1644 1720 cum
1665 1695 1785 1724 sequen-

276 1741 359 1769 tibus
376 1740 549 1775 Historicis‚
570 1740 687 1768 Valerio
708 1740 856 1776 Maximo,
878 1743 1002 1776 Curtio,
1023 1743 1146 1776 Tacito,
1168 1751 1347 1771 communem
1370 1742 1485 1775 habuit,
1504 1740 1600 1776 judice
1612 1740 1661 1768 Cl.
1681 1739 1785 1767 Ruhn-

280 1793 366 1831 furnio>
383 1791 412 1819 in
434 1789 525 1819 Praef.
550 1791 584 1818 ad
607 1791 682 1819 Vell.
707 1791 777 1819 Pat.
818 1790 886 1819 Vid.
906 1791 980 1819 Bibl.
1008 1792 1058 1820 Cr.
1078 1792 1110 1820 P.
1127 1791 1187 1826 IV,
1208 1801 1240 1827 p.
1260 1800 1309 1827 49.
1350 1791 1395 1820 Ex
1413 1790 1457 1818 his
1477 1796 1570 1818 autem
1593 1798 1659 1818 cum
1676 1795 1783 1823 aetate,

279 1835 341 1869 tum
362 1851 453 1870 rerum
472 1841 669 1877 orationisque
686 1841 832 1876 bonitate,
859 1842 971 1879 Wllejo
995 1842 1114 1871 inferior
1136 1841 1193 1870 fuit
1217 1842 1355 1870 Valerius
1373 1842 1544 1876 M'aximus,
1573 1840 1694 1869 subinde
1718 1849 1787 1868 nar-

282 1900 367 1920 rator
388 1902 442 1920 non
464 1892 657 1928 injucundus,
679 1899 782 1920 auctor
795 1899 903 1930 parum
929 1893 1067 1930 locuples,
1089 1893 1133 1922 uti
1153 1899 1226 1921 recte
1246 1899 1366 1922 vocatur
1386 1892 1461 1920 Bibl.
1485 1892 1536 1920 Cr.
1564 1891 1596 1920 P.
1614 1891 1668 1920 xil
1690 1900 1721 1927 p.
1735 1892 1784 1925 64.

278 1943 327 1972 Ab
352 1951 450 1973 aureae
468 1949 543 1972 certe
554 1943 658 1972 aetatis
679 1943 814 1981 elegantia
839 1944 924 1980 longe
941 1944 1043 1979 abest,
1064 1944 1231 1980 ceteroquin
1247 1944 1360 1973 materia
1378 1944 1465 1980 paulo
1488 1943 1578 1980 magis
1598 1942 1783 1979 probandus,

275 2003 278 2006 ⁴
1713 1992 1783 2021 Cur·
