1960 2500
459 151 1271 217 RESPONSIO‘

799 307 872 332 AD

278 433 783 483 QUAESTIONEM
833 429 1421 480 ASTRONOMICAM,

83 569 189 610 QUA
219 564 466 598 FORMULVA
495 562 860 596 CONSTRUITUR
901 559 1162 593 SOLARIUM
1201 560 1364 593 SUPRA
1401 562 1604 598 PLANUM

576 634 873 676 QUODLIBET
899 632 1103 665 DATUM?

84 921 180 989 Inter
201 956 379 993 multiplices
406 957 626 992 delectationes,
657 966 728 992 quas
760 954 947 985 Astrononna
979 954 1162 991 suppeditat,
1191 953 1266 982 haud
1291 953 1405 982 minima
1426 953 1605 991 Horologio-

85 1019 148 1039 rum
178 1009 320 1038 Solarium
353 1008 521 1044 descriptio.
569 1009 689 1037 Utilitas
716 1017 783 1037 vero
812 1008 899 1044 hujus
925 1006 991 1034 artis
1016 1005 1216 1034 Gnomonicac
1237 1012 1280 1033 est
1307 1005 1449 1034 tironibus
1479 1006 1605 1034 exercitii

82 1070 185 1096 causa,
206 1067 321 1096 tempus
343 1059 417 1087 enim
433 1067 531 1087 verum
548 1068 581 1088 ex
598 1060 826 1089 accuratioribus
850 1057 1101 1088 observationibus
1121 1057 1330 1085 deducendum.
1372 1056 1600 1093 Horologiorum

85 1119 179 1140 autem
205 1111 347 1140 Solarium
371 1110 551 1139 constructio
574 1120 660 1147 supra
682 1119 835 1146 corporum
859 1109 1031 1146 regularium
1062 1110 1145 1145 plana
1171 1108 1287 1136 caeteris
1308 1108 1443 1137 omnibus
1466 1115 1509 1137 est
1525 1115 1602 1147 ante-

83 1163 235 1199 ponenda3
261 1162 302 1191 1⁰.
322 1161 456 1197 quoniam
480 1162 546 1190 haec
566 1170 687 1198 corpora
705 1168 836 1190 accurate
856 1161 987 1190 construi
1003 1166 1148 1197 possunt,
1171 1166 1258 1195 atque
1275 1159 1364 1196 igitur
1377 1161 1528 1195 planorum
1545 1161 1601 1189 De-

83 1213 253 1242 clinationes
277 1212 539 1248 Inclinationesque
562 1212 776 1241 accuratissime
795 1219 866 1241 sunt
890 1212 1108 1246 determinatae3
1140 1211 1183 1239 20.
1203 1211 1339 1246 quoniam
1371 1211 1454 1247 plura
1475 1211 1602 1241 Horolo-

83 1263 148 1301 gia,
168 1264 215 1292 vel
234 1264 359 1301 ejusdem
376 1264 507 1300 corporis
524 1265 628 1301 plana,
654 1265 750 1293 eodem
771 1270 915 1293 momento
929 1263 1014 1292 radiis
1032 1262 1183 1292 Solaribus
1204 1262 1402 1298 illustrantur,
1426 1269 1512 1299 atque
1528 1264 1601 1292 hanc

83 1314 120 1344 ob
146 1323 261 1344 causam
289 1316 449 1344 immediate
471 1315 541 1344 certi
561 1324 662 1344 sumus
685 1316 719 1344 de
740 1316 806 1344 vera
830 1317 934 1344 horum
958 1314 1204 1351 Horologiorum‚
1226 1320 1357 1350 respectu
1382 1314 1524 1351 meridiei,
1549 1325 1602 1352 po-

84 1366 199 1395 sitione.
246 1366 327 1405 Quae
354 1368 488 1404 profecto
517 1367 613 1405 magni
642 1374 712 1397 sunt
740 1367 899 1402 momenti,
930 1373 958 1395 et
984 1366 1046 1395 aliis
1076 1366 1107 1395 in
1136 1365 1252 1395 casibus
1280 1366 1388 1395 multos
1418 1366 1603 1404 diversasque

84 1417 298 1447 observationes
318 1419 480 1455 requirunt.

121 1468 226 1497 Omnia
246 1469 476 1507 Horologiorum
501 1478 619 1507 genera,
645 1475 672 1498 et
691 1477 765 1505 quot
789 1479 819 1499 ea
840 1470 933 1499 modis
957 1468 1044 1505 fiant,
1071 1469 1118 1497 hic
1136 1477 1277 1505 exponere
1299 1477 1358 1498 non
1383 1475 1426 1497 est
1447 1470 1528 1499 labor
1549 1479 1600 1499 nec

83 1520 216 1556 animus;
240 1521 386 1556 quaeritur
409 1521 484 1550 enim
509 1521 593 1550 unice
611 1520 752 1557 formula,
782 1530 832 1551 seu
855 1521 1008 1550 methodus
1032 1521 1188 1557 generalis,
1222 1523 1279 1556 qua
1299 1521 1421 1557 quilibet
1440 1521 1469 1550 in
1490 1522 1604 1551 Mathe-

83 1580 148 1601 seos
173 1578 199 1600 et
222 1571 425 1601 Astronomiae
450 1572 602 1609 principiis
625 1573 797 1602 exercitatus
825 1573 921 1602 omnia
947 1573 996 1601 illa
1019 1573 1048 1601 in
1075 1571 1283 1609 superficiebus
1306 1572 1399 1609 planis
1425 1573 1606 1609 quibuslibet

87 1623 160 1653 datis
185 1631 218 1652 ex
238 1630 309 1653 voto
333 1630 418 1660 queat
450 1624 599 1653 delineare.
651 1624 691 1654 Ut
712 1633 779 1654 vcro
806 1625 874 1654 haec
906 1625 1071 1661 acquiratur
1098 1624 1240 1659 formula,
1273 1624 1391 1653 omnino
1419 1625 1525 1654 sufficit
1555 1627 1603 1655 de-

84 1675 238 1712 scripsisse
256 1675 416 1712 Horologia
439 1675 549 1704 Solaria
571 1685 658 1713 supra
679 1676 764 1713 plana
786 1676 951 1712 Tetraedri,
978 1676 1116 1705 Hexaiidri
1139 1683 1166 1704 et
1186 1676 1381 1711 Dodecaemt,
1410 1678 1479 1706 dum
1496 1678 1600 1708 horum

82 1728 235 1764 planorum
268 1727 428 1764 positiones
457 1736 555 1757 omnes
588 1737 673 1757 casus
705 1728 861 1765 possibiles
894 1728 1097 1765 suppeditant,
1128 1728 1193 1756 hinc
1224 1728 1294 1756 satis
1318 1736 1462 1764 superque
1485 1730 1604 1759 demon-

83 1785 192 1814 strant,
215 1787 344 1815 magnam
369 1780 462 1814 primo
489 1787 606 1816 aspectu
625 1781 789 1809 varietatem
815 1780 1033 1817 horologiorum
1059 1779 1195 1809 solarium
1220 1779 1293 1808 nihil
1314 1787 1376 1808 esse
1397 1779 1455 1808 nisi
1477 1781 1602 1819 applica-

85 1829 191 1858 tionem
214 1830 301 1859 uuius
323 1830 462 1859 formulae
486 1840 536 1859 scu
563 1832 700 1860 methodi.

136 1880 220 1929 Fig,
253 1893 283 1917 1.
325 1881 518 1920 Quamobrem
552 1883 732 1920 singulorum
767 1884 985 1921 horologiorum
1012 1883 1170 1919 formum,
1207 1882 1315 1919 quibus
1341 1891 1428 1920 supra
1453 1885 1537 1921 plana
1560 1885 1604 1916 in·

86 1931 177 1960 dicata
199 1939 428 1970 constrtmntur‚
455 1943 558 1964 sumus
578 1935 776 1972 proposituri,
795 1942 822 1964 et
839 1936 952 1972 quidem
970 1945 1003 1965 eo
1020 1936 1133 1970 ordine,
1163 1941 1192 1962 ut
1207 1942 1305 1963 nostra
1320 1935 1473 1965 methodus
1490 1945 1603 1973 genera-

86 1983 123 2014 lis
143 1983 236 2012 cuivis
260 1983 343 2015 facite
365 1991 460 2022 patere
483 1994 587 2024 queat,
616 1988 684 2017 dum
708 1988 891 2018 constructio
920 1988 1064 2026 cujusque
1096 1986 1249 2024 llorologii
1274 1986 1326 2016 erit
1359 1986 1534 2018 instituenda
1558 1998 1602 2017 se-

866 2039 894 2069 A
916 2048 933 2068 2
1533 2049 1604 2070 cun-
