1960 2500
657 160 1148 213 ORA‘rfio.
1636 168 1685 202 25

148 268 339 319 castigati,
367 272 401 302 et
420 264 562 301 omnino
588 261 684 297 male
712 268 822 310 atque
854 260 1049 297 inhumane
1077 261 1205 299 habiti.
1257 262 1357 308 Quis
1376 263 1572 311 Vestrum,
1592 276 1679 313 pro-

146 334 312 381 mulgato
331 327 664 379 potentissimorum
683 322 894 371 Principum
914 322 950 357 in
972 322 1105 360 celebri
1129 325 1321 362 Conventa
1340 326 1534 362 Viennensi
1552 326 1677 364 decre-

146 403 185 432 to
196 423 208 440 ‚
237 407 310 443 quo
329 391 559 440 turpissimae
578 395 611 423 et
625 386 772 422 immani
792 384 978 420 hominum
1001 395 1249 433 mercaturae,
1282 390 1446 425 unanimi
1464 389 1675 439 Principum

147 457 442 495 Christianorum
473 452 707 494 auctoritate,
734 447 884 495 jamjam
912 446 1016 482 finem
1058 449 1194 498 imponi
1221 460 1411 498 oportere,
1441 460 1475 487 et
1495 451 1563 487 hoc
1584 460 1691 501 opus·

146 519 317 557 omnibus
342 515 485 555 viribus
514 512 717 562 urgendum
749 522 829 545 esse
856 516 1034 545 statutum
1063 519 1140 557 est,
1167 525 1237 548 non
1260 514 1542 563 maximopere³³
1523 515 1674 551 oavisus

145 582 228 620 est‘)
247 585 262 631 (
281 580 347 628 ¹4)
385 578 508 626 CuJ'us
532 576 692 612 animum
709 586 779 609 non
802 584 943 607 summa
963 573 1099 609 laetitia
1119 575 1283 633 perfudit
1303 577 1474 622 nuntius,
1503 578 1568 625 qui
1594 578 1676 627 glo-

143 647 281 683 riosam
301 643 427 688 illam,
455 640 592 676 sociata
613 638 873 673 Britannorum
901 643 1186 686 nostrorumque
1214 638 1375 673 militum
1393 639 1582 675 navalium
1607 652 1674 688 ope

141 713 364 756 reportatam
393 716 509 753 nuper
535 702 580 738 ab
608 697 868 750 Algirensibus
887 698 1099 744 victoriam,
1129 707 1184 745 et,
1207 713 1251 736 ex
1269 701 1448 736 victorum
1467 700 1671 748 arbitratu,

141 778 195 808 tot
222 769 355 806 civium
384 774 591 802 nostrorum
611 763 840 811 aliorumque
868 768 1000 796 natura
1023 761 1223 798 liberorum
1252 762 1439 798 hominum
1468 761 1674 798 cervicibus

87 853 93 861 2
141 845 228 869 mox
258 842 451 867 excussum
478 826 664 864 servitutis
694 826 847 873 jugum,
877 831 1112 873 caeterasque
1140 825 1242 874 pacis
1275 825 1436 860 redditae
1463 824 1508 860 ab
1540 825 1670 861 iisdem

137 894 385 945 praescriptas
413 892 512 940 leges
532 897 565 925 et
587 888 830 934 conditiones,
860 886 987 922 liberis
1005 887 1175 922 omnibus
1191 887 1432 936 gestientibus
1459 895 1493 922 et
1513 887 1670 935 applau-

138 956 312 994 dentibus
345 953 517 1003 populis,
553 951 702 1000 publice
730 950 856 985 retulit
885 958 917 985 et
941 950 1073 986 debitis
1090 953 1296 999 praeconiis
1315 949 1541 986 celebravit?
1567 950 1669 999 (15)

140 1019 190 1057 Et
205 1021 280 1068 jam
298 1018 559 1066 plerorumque
582 1013 793 1060 Principum
812 1011 1091 1059 Europaeorum
1118 1026 1275 1049 consona
1298 1013 1365 1048 hac
1393 1013 1437 1048 de
1461 1024 1501 1047 re
1526 1025 1599 1048 vox
1615 1018 1670 1049 est

139 1090 176 1118 et
199 1082 387 1117 sententia.
439 1076 500 1114 Ab
519 1077 596 1112 illis
613 1076 810 1123 praecipue
830 1075 1067 1123 Principibus
1077 1105 1101 1123 ‚,
1118 1089 1212 1126 quos
1231 1078 1322 1114 inter
1338 1076 1574 1112 constitutum
1591 1074 1669 1109 foe·
1715 1077 1719 1080 ⁴

136 1147 209 1184 dus
228 1145 277 1181 ad
293 1143 522 1193 Religionem
540 1142 725 1191 pertinens
736 1141 829 1177 hanc
844 1144 959 1190 ipsam
984 1140 1193 1187 adjunctam
1210 1139 1321 1175 habet
1335 1138 1473 1186 legem,
1490 1145 1531 1172 ut
1547 1148 1673 1172 omnes

134 1208 300 1246 homines
333 1206 493 1243 fratrum
536 1205 615 1241 loco
648 1213 870 1251 numerent,
912 1213 946 1241 et
982 1202 1189 1240 communia
1228 1200 1404 1236 hactenus
1433 1206 1468 1235 et
1500 1197 1670 1247 aequalia

134 1270 307 1309 omnibus
339 1275 536 1318 agnoscant
555 1267 664 1315 jura,
692 1280 810 1304 nonne
833 1265 1117 1316 exspectandum
1143 1264 1214 1310 sit,
1244 1262 1337 1300 nihil
1365 1274 1428 1299 eos
1453 1261 1669 1298 intentatum

133 1335 351 1379 relicturos,
370 1339 435 1382 ut.)
455 1330 665 1381 abroganda
685 1338 718 1367 et
736 1330 917 1369 abolenda
938 1331 1135 1376 servitute,
1159 1337 1303 1378 turpem
1320 1326 1415 1362 hanc
1435 1323 1586 1360 humani
1605 1335 1669 1371 ge-

135 1398 236 1435 neris
263 1396 383 1433 labem
416 1404 450 1432 et
473 1395 657 1431 maculam
691 1396 861 1432 auferant
892 1403 926 1432 et
950 1394 1107 1432 eluant?
1166 1391 1238 1428 Sed
1265 1390 1371 1437 longe
1400 1387 1511 1435 plura
1536 1393 1570 1421 et
1592 1395 1667 1419 ma·

134 1461 216 1510 jora
243 1458 288 1495 ab
307 1457 367 1494 his
392 1457 624 1507 Principibus
643 1471 791 1507 sperare
809 1459 893 1495 licet
915 1467 948 1495 et
968 1458 1083 1493 latius
1104 1453 1276 1504 patentia.

185 1521 376 1574 Saeviente
398 1520 472 1555 Dei
494 1528 603 1569 atque
623 1521 814 1570 hominum
833 1520 1062 1557 contemtrice
1081 1515 1300 1567 tyrannide,
1328 1513 1379 1549 ita
1401 1523 1459 1548 res
1483 1510 1667 1558 collapsae

136 1591 263 1628 erant,
292 1589 333 1617 ut
354 1581 399 1617 de
418 1582 534 1617 sacris
553 1581 775 1632 abrogandis
794 1583 1021 1632 temporibus
1041 1590 1075 1618 et
1105 1578 1320 1617 claudendis
1349 1574 1493 1623 templis
1517 1571 1667 1609 consilia

134 1660 208 1684 non
232 1645 352 1682 solum
382 1643 629 1692 haberentur,
657 1645 721 1681 sed
748 1647 786 1682 in
810 1658 942 1695 magna
963 1645 1030 1681 illa
1057 1643 1148 1679 urbe
1174 1640 1376 1678 Parisiensi
1396 1650 1454 1673 res
1477 1634 1564 1670 effici
1585 1645 1668 1669 coe-

135 1710 261 1760 pisset.
314 1707 501 1742 Restituto
528 1715 653 1755 postea
680 1709 928 1758 qualicunque
957 1707 1030 1743 Dei
1061 1705 1191 1750 cultu,
1220 1700 1422 1750 Religionis
1449 1698 1529 1733 loco
1547 1694 1666 1732 inanis

135 1779 278 1808 tantum
300 1767 593 1816 conspiciebatur
610 1771 759 1818 pietatis
791 1769 944 1815 umbra,
978 1777 1011 1805 et
1036 1768 1181 1805 omnino
1207 1764 1364 1800 mendax
1394 1770 1504 1809 atque
1534 1758 1666 1806 impius

136 1832 299 1882 ejusdem
316 1831 788 1880 praetextus.1s,cujus
807 1841 899 1868 nutu
920 1840 953 1868 et
973 1830 1124 1867 arbitrio
1147 1828 1267 1865 omnia
1296 1827 1333 1862 in
1354 1823 1512 1859 maxima
1539 1820 1662 1856 Euro-

136 1906 205 1943 pae
218 1902 322 1943 parte
340 1892 588 1941 regebantur,
614 1894 874 1941 procacissimo
892 1894 991 1931 fastu
1013 1892 1094 1928 Deo
1116 1890 1272 1927 similem
1295 1901 1333 1924 se
1353 1888 1465 1934 jactat
1487 1892 1521 1919 et
1542 1890 1666 1918 osten-

139 1964 215 2001 tat·
240 1954 422 2004 quidquid
448 1955 553 2000 vult,
581 1954 738 1992 decernit
764 1964 798 1992 et
825 1957 994 1992 futurum
1027 1954 1285 2005 praenuntiat,
1313 1949 1406 1985 nihil
1434 1959 1504 1982 non
1528 1945 1566 1979 in
1599 1955 1666 1978 sua

141 2029 221 2054 esse
240 2028 344 2051 manu
370 2015 568 2051 ridiculum
603 2017 639 2051 in
667 2018 815 2054 modum
848 2018 1052 2063 confidens,
1095 2024 1128 2052 et
1155 2016 1198 2051 de
1230 2013 1341 2058 rebus
1371 2008 1524 2045 feliciter
1553 2004 1669 2054 gestis
1700 2013 1704 2016 ’

142 2077 452 2129 impudentissime
470 2078 646 2126 glorians.
695 2079 800 2125 idem
825 2088 946 2118 tamen
977 2079 1148 2116 continuo
1173 2075 1351 2125 populum
1382 2071 1429 2109 ad
1451 2068 1583 2117 t‘emPla
1602 2078 1668 2101 ‘'⁰'‘

966 2141 1005 2179 1)
1581 2135 1637 2164 cat
1648 2155 1660 2174 ‚
