1960 2500
124 200 131 214 ὲ
663 165 1128 207 ona'rio.
1615 158 1659 218 ἐφ’

133 274 333 327 praeclaris
359 272 506 324 quidem
533 270 610 308 illis
638 269 718 317 ejus
749 265 982 314 auctoribus,
1011 279 1116 303 coeco
1140 268 1277 316 impetu
1304 264 1439 316 suscipi
1470 268 1652 317 potuisset

133 348 167 376 et
186 339 234 375 ad
249 335 414 373 effectum
436 333 593 378 adduci,
630 340 662 367 et
686 332 870 367 hominum
895 330 1129 367 delirantium
1157 339 1272 376 esset,
1302 343 1441 366 summa
1469 331 1652 380 aequitate

129 409 167 438 et
189 400 381 449 prudentia
405 409 512 433 suum
540 394 672 442 cuique
696 392 880 439 tribuere,
909 401 943 428 et
971 405 1032 429 eas
1059 392 1228 429 universe
1258 390 1327 428 sibi
1360 393 1512 428 invicem
1539 405 1651 441 pone-

131 475 173 500 re
197 463 318 512 legeS‚
351 461 471 508 iisque
497 455 652 494 foederis
678 454 944 491 conditionibus
972 468 1009 490 se
1035 453 1187 491 inviceffi
1211 454 1388 503 alligare,
1425 467 1518 503 quas
1543 465 1648 491 nemo

130 539 202 562 non
230 537 339 560 sanae
366 512 502 557 mentis'
525 527 559 555 et
585 518 823 554 humanitatis
857 516 1186 565 a'mansapprob‘et
1222 524 1256 552 et
1288 516 1440 551 summis
1475 514 1651 552 laudibus

130 585 268 624 efferat.
319 584 451 633 Neque
467 582 523 618 illi
545 582 662 630 magis
684 580 854 617 audiendi
877 588 985 624 sunt,
1014 580 1078 628 qui
1106 579 1237 615 infesta
1263 577 1424 615 libertati
1441 572 1546 615 civili
1566 576 1653 635 mlh*-

130 651 240 695 silia,
279 652 434 697 quorum
468 653 575 693 turpe
598 644 638 678 'in
670 642 873 691 Religionis
905 643 1022 690 specie
1050 641 1099 677 sit
1122 642 1376 687 lenimentum,
1405 641 1552 689 aliaque
1582 641 1650 676 mi—

126 718 202 749 ‘nus
226 709 343 759 proba
374 717 409 744 et
439 708 596 755 ingenua
626 705 833 754 proposita,
870 712 905 740 et
933 704 1144 741 inhonestas
1171 716 1341 753 quasque
1375 703 1599 751 cupiditates⁴
1618 711 1651 740 et

126 763 435 815 machinationes,
451 768 520 805 sub
542 768 611 803 hoc
632 768 834 816 Religionis
854 767 1065 812 involucro,
1091 766 1204 802 latere
1224 767 1404 812 clamant,
1418 774 1452 801 et
1468 778 1488 800 a
1507 764 1651 806 Celsis÷

126 837 210 874 simi
227 834 443 885 praesertim
464 831 675 867 Britanniae
695 829 986 874 Gubernatoris,
1017 829 1221 864 societatem
1246 826 1402 865 foederis
1423 829 1624 865 recusantis
1634 839 1652 875 ,¹

126 897 406 949 perspicacitate
424 903 458 931 et
478 893 641 930 adhibita
661 893 826 929 cautione
853 893 1107 941 iniquissimae
1125 891 1240 939 hujus
1265 899 1299 927 et
1325 892 1547 928 vanissimae
1565 903 1648 927 sus-

124 961 281 1011 picionis
299 987 311 1005 ,
345 967 521 1007 tanquam
560 956 747 1000 veritatis,
787 955 944 990 colorem
986 961 1179 1001 repetunt:
1217 966 1372 1002 quorum
1404 953 1578 990 conviciis
1616 960 1650 991 et

125 1020 466 1064 criminationibus»,
505 1027 545 1054 ut
570 1019 650 1065 ipsa
681 1017 795 1064 hujus
824 1016 1027 1064 PrincipiS,
1057 1023 1090 1051 et
1120 1015 1350 1064 apertissima
1376 1016 1549 1065 quidem,
1579 1017 1651 1050 nu'-

126 1097 193 1135 per
214 1086 252 1120 in
275 1083 393 1118 lucem
418 1088 602 1129 protracta
625 1079 786 1115 omnium
809 1079 968 1126 capitum
998 1077 1155 1114 foederis
1185 1078 1464 1127 approbatione,
1493 1078 1546 1113 ita'
1568 1073 1652 1114 uni-

124 1157 256 1186 ¹versae
277 1143 331 1179 rei
362 1141 495 1178 ducum
521 1149 555 1176 et
587 1141 794 1188 principum
819 1140 961 1175 nomine
975 1167 988 1184 ,
1015 1140 1246 1189 maximeque
1272 1140 1653 1188 imperatoris‘·A1,n»·

124 1216 336 1251 XANDFH,
373 1205 440 1253 qui
471 1204 614 1253 signum
643 1203 819 1248 sustulit,
857 1201 904 1237 ad
930 1201 1219 1250 explicationem*
1235 1202 1431 1238 sententiae
1466 1209 1500 1237 et
1534 1194 1654 1238 consiss

124 1271 262 1308 ‘liorum
277 1298 289 1315 ‚
324 1267 458 1303 -iterum
496 1266 699 1314 iterumque
726 1264 982 1301 candidissime
1009 1262 1116 1300 dictis
1130 1293 1143 1310 ,
1181 1264 1233 1300 sic
1260 1276 1471 1312 responsum
1500 1273 1574 1311 est,
1597 1258 1654 1302 vut

127 1330 251 1370 otiosa·
269 1332 362 1367 inter
380 1328 494 1365 bonos
512 1337 545 1366 et
563 1329 642 1367 veri
659 1327 824 1378 justique
841 1335 1003 1366 amantes
1027 1326 1096 1363 hac
1122 1326 1167 1364 de
1184 1339 1223 1364 re
1245 1326 1362 1364 videri
1389 1327 1505 1376 possit
1524 1326 1653 1376 dispuss

124 1395 232 1432 ‘tatia
255 1396 336 1443 (7)
1395 1390 1398 1397 '
1457 1386 1459 1388 ’
1521 1390 1523 1394 ”
1616 1399 1619 1401 ·

124 1466 132 1470 “
179 1456 229 1492 Et
254 1463 347 1490 sane!
367 1464 390 1490 a
417 1453 534 1499 dolis,
561 1452 765 1500 machinis,
793 1453 1014 1490 fallaciis'et
1039 1450 1250 1502 praestigiis
1283 1450 1470 1500 Principes
1502 1452 1584 1499 illi,
1613 1452 1651 1490 in

126 1516 351 1554 restituenda
372 1523 407 1551 et
436 1515 680 1551 confirmanda
705 1528 816 1563 pace,
854 1528 892 1551 se
919 1516 1130 1564 longissime
1160 1522 1315 1550 remotos
1347 1522 1381 1550 et
1409 1515 1650 1552 alienissimos

123 1578 373 1616 ostenderunt.
432 1577 693 1626 integerrimus
719 1577 784 1613 ille
802 1585 836 1613 et
856 1577 1157 1626 religiosissimus
1183 1587 1240 1612 AL
1255 1587 1481 1613 EXANDER
1504 1590 1548 1613 an
1571 1579 1652 1613 ina-

127 1651 211 1677 *nem
242 1647 278 1675 et
309 1637 503 1674 subdolam
536 1639 738 1689 Religionis
776 1640 931 1688 speciem
959 1638 1108 1688 publice
1142 1640 1288 1687 scriptis
1321 1638 1457 1674 inferre
1488 1639 1654 1675 voluisse

129 1701 393 1738 existimandus
425 1701 493 1746 sit,
521 1701 680 1749 quibus,
707 1694 938 1750 Napoleonte
964 1714 987 1737 ’e
1005 1701 1127 1737 diruta
1153 1700 1305 1737 Moscua
1327 1697 1502 1750 tanquam
1520 1701 1652 1738 fulmi—

127 1764 189 1801 nis
215 1765 286 1800 ictu
314 1762 468 1810 expulso
493 1771 527 1798 et
546 1763 724 1813 profugo,
754 1772 788 1800 et
809 1772 935 1812 postea
956 1765 1127 1812 saepius,
1155 1764 1385 1799 immutatum
1406 1762 1452 1798 ad
1481 1763 1651 1801 miraculi

129 1827 281 1862 *modum
299 1837 419 1860 rerum
438 1833 572 1861 statum
596 1825 641 1861 ad
658 1825 924 1874 providentiam
941 1832 975 1862 et
993 1825 1339 1875 benignitatemeei
1351 1854 1364 1871 ‚
1395 1825 1493 1860 nuda
1512 1834 1545 1861 et
1564 1826 1650 1862 sim-

130 1889 244 1934 'p-nci,
270 1887 469 1936 eademque
492 1888 598 1936 gravi
627 1896 662 1923 et
687 1889 797 1937 quasi
824 1888 947 1925 divino
977 1888 1109 1936 spiritu
1135 1888 1282 1924 incitata
1312 1888 1472 1923 oratione
1501 1887 1650 1934 retulit,

131 1956 172 1984 *et
194 1950 262 1985 hac
288 1949 332 1985 de
357 1961 469 1984 causa
504 1951 552 1985 ad
581 1948 694 1986 officia
728 1963 897 1999 quaeque
931 1951 964 1986 ei
999 1960 1037 1986 se
1063 1945 1175 1999 quam
1201 1951 1358 1986 maxime
1385 1949 1591 1985 devinctum
1616 1955 1651 1985 et

134 2009 314 2057 religione
346 2009 560 2048 obstrictum
591 2011 783 2060 professus
807 2012 894 2051 est?
921 2012 996 2061 (8)
1055 2013 1238 2063 Nunquid
1265 2018 1409 2049 versute
1442 2009 1578 2058 egerit,
1618 2017 1654 2046 et

960 2073 993 2110 C
1576 2070 1653 2115 flet
