1940 2474
489 121 1046 179 cOMMEN'rA'Mo
1095 126 1375 180 MED'mA:
1652 154 1677 197 5

165 234 234 262 haec
255 231 379 261 Theoria
402 231 464 261 visa
484 231 542 261 fuit
560 232 661 262 unioni
684 233 886 262 molecularum
911 233 1041 269 corporis
1065 233 1125 261 vivi
1152 243 1186 263 ex
1207 236 1374 264 attractione
1396 235 1532 266 Chemica
1561 237 1665 268 favere.

163 284 225 313 Hac
249 290 378 312 assumta
405 283 609 313 incrementum
645 284 782 313 statuitur
809 292 842 312 ex
870 293 923 319 eo,
954 285 1034 319 quod
1065 285 1222 321 particulae
1246 286 1384 315 similares
1414 295 1500 316 seruet
1527 289 1669 318 attrahant

162 335 285 367 invicem
304 336 528 372 conjungendae.
570 335 625 364 Hic
655 335 826 371 intelligitur
846 344 931 363 causa
959 335 1075 364 unionis
1104 336 1305 372 particularum
1334 346 1489 374 corporum
1520 339 1669 376 organico-

161 395 246 422 rum,
268 387 298 414 in
320 386 487 415 attractione
509 387 664 421 Chemica,
686 394 758 421 quae
781 393 826 415 est
848 386 919 414 inter
939 387 1095 414 molcculas
1118 388 1241 423 ejusdem
1265 388 1382 417 indolis.

199 437 250 466 ΠΙ.
272 438 374 466 Sectio.
415 429 615 467 Generationis
644 436 768 466 Theoria
794 437 830 465 ab
855 437 901 465 111.
928 436 1057 473 Buffonio
1082 438 1144 475 (4)
1168 440 1328 475 excogitata
1358 440 1439 469 etiam
1469 450 1669 479 argumentum

161 488 295 525 praebere
316 488 429 516 videtur
451 497 504 524 pro
528 488 601 516 thesi
626 488 775 524 proposita
796 489 917 517 ulterius
942 488 1150 524 confirmanda,
1181 496 1207 517 et
1230 489 1285 518 hoc
1314 491 1427 526 quidem
1452 494 1586 528 quoniam
1606 504 1670 524 ana-

161 540 227 575 loga
242 539 356 568 videtur
381 539 626 575 Crystallisationi
649 539 802 567 chemicae.
848 539 933 568 Ponit
958 548 1058 575 nempe
1079 540 1107 568 in
1132 540 1237 569 semine
1260 541 1356 577 virili,
1384 550 1410 571 et
1433 543 1500 572 huic
1525 545 1613 574 simili
1637 547 1672 574 li-

159 598 250 626 quore
270 590 299 618 in
317 589 439 625 femina,
463 592 615 628 organicas
638 590 809 626 molemlas,
834 597 866 618 ut
889 596 934 619 tot
951 590 1104 626 primordia
1130 591 1254 627 partium
1286 591 1382 622 foetus
1391 607 1408 628 ,x
1431 593 1469 622 ita
1500 596 1612 630 quidem
1639 604 1671 626 ut

159 649 214 677 pro
238 648 409 677 unaquaque
434 647 513 677 parte
543 641 697 678 singularis
728 641 802 669 adsit
829 642 970 676 nucleus,
1002 641 1052 676 qui
1073 641 1128 669 sibi
1153 642 1259 671 similes
1289 645 1443 679 particulas
1472 646 1609 676 continue
1631 655 1674 676 at-

158 692 315 727 trahendo,
345 692 394 721 tali
425 692 533 721 ratione
559 692 657 721 foetus
684 692 888 722 incrementum
913 692 1016 727 efficit,
1046 699 1078 720 ut
1108 692 1213 721 humor
1239 694 1420 730 nutrititius,
1452 695 1548 725 foetus
1576 699 1669 728 varias

160 743 310 780 organicas
334 745 489 772 moleculas
514 744 685 779 comittens,
713 745 763 773 has
788 743 824 773 ad
847 744 981 773 nucleum
1005 743 1088 778 quasi
1111 744 1146 772 ad
1171 744 1321 772 modulum
1345 745 1507 775 interiorem
1533 749 1671 778 continue

156 795 261 831 affigat.

195 846 273 875 Haec
289 846 413 875 Theoria
437 847 470 875 de
494 845 645 875 moleculis
672 846 813 884 organicis
838 854 933 875 ansam
961 846 1073 876 dedisse
1100 846 1213 875 videtur
1234 846 1302 883 alii,
1333 857 1404 884 quae
1432 848 1539 878 arbitro
1563 853 1669 887 quovis

155 890 305 934 ingeniosa
331 904 405 925 certe
431 898 501 932 erit,
532 904 559 926 et
587 897 714 926 novitate
742 898 780 925 rei
807 898 959 934 praecipue
989 898 1101 926 arridet.
1152 896 1207 926 Est
1231 898 1278 927 illa
1303 898 1427 928 Theoria
1456 909 1471 928 a
1498 901 1670 932 Clarissimo

156 948 237 987 chn
253 949 304 986 (5)
327 948 439 984 aliquot
454 948 558 976 abhinc
576 949 657 977 annis
681 949 846 985 proposita,
870 955 902 976 ut
918 949 953 976 lis
969 948 1042 976 inter
1057 947 1233 977 evolutionis
1255 956 1283 977 et
1302 949 1484 987 epigeneseos
1507 955 1671 988 systematis

154 990 282 1029 fautores
303 1005 543 1035 componeretur,
566 1006 594 1028 et
619 998 691 1027 hanc
714 1000 751 1028 ob
781 1006 895 1028 causam
924 999 958 1028 de
987 1000 1019 1027 ea
1047 999 1094 1028 hic
1118 1008 1211 1028 sermo
1244 999 1307 1029 erit.
1354 1000 1512 1037 proposuit
1542 1002 1590 1031 Cl.
1618 1004 1672 1032 Vir

158 1040 176 1085 „
196 1050 282 1078 basin.
303 1051 523 1086 qualiscumque
547 1051 678 1086 corporis
700 1051 828 1087 organici
849 1050 907 1079 vivi
933 1059 996 1079 esse
1023 1049 1226 1079 animalcuium
1249 1051 1468 1081 infusorium.”
1508 1053 1670 1090 Argumen-

154 1108 235 1141 tum,
258 1110 317 1137 quo
338 1092 410 1132 hanc
426 1100 566 1130 theoriam
588 1099 755 1130 confirmare
777 1109 916 1137 conatur,
932 1108 976 1130 est
996 1101 1117 1138 sequens
1137 1102 1217 1139 (6):
1248 1103 1413 1140 organicum
1440 1112 1474 1132 ex
1503 1096 1671 1142 inorganico

153 1140 227 1181 strui
246 1143 367 1189 neqttit,
389 1161 475 1189 ergo,
502 1152 666 1181 inversione
686 1152 760 1181 facta
782 1153 863 1190 (7),
885 1161 969 1181 omne
994 1153 1159 1190 organicum
1188 1162 1222 1182 ex
1244 1155 1380 1191 organico
1406 1154 1545 1191 originem
1561 1157 1671 1185 trahere

154 1203 249 1244 debet.
298 1203 363 1232 Hoc
386 1210 515 1232 assumto
542 1203 761 1240 explicationem
782 1206 978 1241 generationis
1005 1205 1097 1233 dictae
1126 1207 1297 1243 aequivocae
1325 1206 1401 1234 haud
1428 1206 1569 1236 difficilem
1594 1217 1669 1239 esse.

152 1255 223 1284 Non
238 1255 314 1288 enim
331 1254 472 1285 infusoria
491 1255 578 1283 creari
596 1255 626 1284 in
647 1263 730 1283 carne
750 1261 951 1298 pdutrescente,
976 1256 1027 1284 sed
1045 1256 1111 1293 (8)
1135 1264 1245 1284 carnem
1269 1262 1479 1292 putrescentem
1503 1266 1566 1287 esse
1589 1259 1670 1287 solu-

152 1299 260 1339 tionem
283 1305 508 1341 infusoriorum,
537 1314 608 1341 quae
629 1306 729 1343 juncta
749 1314 860 1334 carnem
883 1306 1120 1341 constituebant,
1152 1313 1179 1335 et
1208 1307 1305 1335 eodem
1333 1308 1421 1336 modo
1451 1316 1535 1337 omne
1560 1317 1670 1346 corpus

152 1345 320 1394 organicum
339 1364 373 1384 ex
397 1357 503 1385 talibus
529 1356 709 1385 animalculis
733 1362 766 1385 ut
793 1357 945 1393 principiis
969 1357 1031 1386 suis
1056 1358 1175 1386 conflari
1199 1358 1275 1395 (9).
1316 1358 1394 1386 Haec
1418 1359 1587 1388 animalcula
1615 1362 1669 1390 ele-

151 1408 289 1436 mentaria
312 1406 490 1444 (Urthiere)
510 1416 570 1436 non
585 1407 754 1436 Mechanice
779 1409 828 1436 sed
844 1408 979 1436 Chemice
1000 1417 1062 1436 esse
1077 1410 1189 1445 juncta.
1238 1409 1284 1437 Ex
1306 1409 1358 1437 hac
1377 1409 1482 1438 unione
1501 1410 1589 1440 vitam
1616 1421 1667 1441 cu-

149 1458 247 1496 Jusvis
265 1456 407 1486 individui
423 1463 451 1484 et
468 1457 588 1485 formam
607 1464 748 1486 externam
768 1457 925 1486 modificari
944 1459 989 1487 vel
1006 1467 1111 1487 novam
1137 1459 1278 1495 produci,
1306 1468 1378 1495 quae
1397 1460 1497 1489 iterum
1517 1469 1664 1498 mutetur,

153 1515 244 1546 prout
262 1516 399 1536 numerus
416 1508 519 1536 horum
546 1508 781 1537 animalculorum
807 1509 852 1536 vel
873 1515 993 1545 augetur
1020 1512 1065 1539 vel
1081 1510 1239 1545 decrescit,
1265 1516 1292 1537 et
1316 1517 1404 1546 prout
1425 1519 1523 1540 eorum
1548 1521 1668 1549 compo-

151 1560 220 1588 sitio
243 1566 380 1588 mutatur.
421 1559 531 1588 Eodem
561 1560 646 1588 modo
674 1559 812 1587 vermium
841 1559 1046 1589 intestinalium
1073 1561 1211 1598 originem
1242 1560 1435 1596 explicandam
1468 1570 1529 1590 esse
1560 1564 1666 1594 voluit.

152 1611 270 1640 Vermes
290 1610 364 1638 enim
383 1611 531 1646 quamdam
550 1619 611 1640 esse
632 1610 858 1647 aggregationem
881 1610 1109 1643 infusoriorum:
1134 1620 1201 1649 crgo
1237 1633 1255 1647 „
1269 1612 1600 1650 qurmkrankheiten,”
1625 1613 1669 1643 in-

1604 1665 1669 1701 quit

179 1750 230 1779 (⁴)
246 1751 364 1778 Algmeem
375 1756 399 1770 en
414 1751 528 1777 bijzondm
541 1751 677 1779 Naruurltjile
693 1751 796 1780 fflmrw'e,
813 1751 878 1775 Tom.
894 1752 921 1775 11.
936 1757 986 1781 pag.
999 1757 1034 1781 3¹.
1051 1758 1074 1776 et
1087 1759 1136 1782 sqq.
1160 1753 1214 1777 edit.
1231 1753 1292 1779 Belg.
1313 1758 1352 1780 4to
1368 1758 1429 1780 1773.

177 1791 231 1822 (5)
246 1792 286 1812 Die
299 1793 407 1818 Zeugung,
425 1793 478 1815 svo.
496 1794 558 1820 1805.

180 1832 264 1860 (6)1.
281 1833 296 1854 1.
319 1838 367 1860 pag.
387 1839 420 1859 15.

176 1870 234 1902 (j)
246 1875 292 1895 1.1.
316 1878 365 1900 pag.
383 1873 418 1896 18.

179 1913 260 1940 (8)1.
277 1915 292 1936 Ι.
315 1919 363 1941 pag.
384 1920 416 1941 19.

183 1954 232 1982 (9>
247 1956 264 1977 Ι,
278 1955 294 1977 Ι.
317 1961 368 1982 pag.
385 1960 420 1977 22.
