1940 2474
239 174 282 209 56
509 157 1095 208 JANI'THEODORI
1160 176 1492 210 BERGMAN

276 263 373 299 Atque
394 264 461 291 haec
482 263 516 291 de
538 263 683 291 Historiae
705 263 801 292 studio
824 262 981 292 sufficiant:
1004 272 1019 291 a
1044 263 1149 298 quibus
1174 269 1266 291 tamen
1291 269 1441 300 antequam
1464 264 1657 301 discedamus,
1679 274 1749 302 pau-

239 315 281 342 cis
302 315 496 343 memorandae
520 321 587 342 sunt
608 315 803 343 Romanorum
828 315 1016 351 Clzronologt'a
1040 315 1068 342 et
1089 314 1293 352 Geograpkia:
1319 323 1439 350 quarum
1464 315 1566 343 artium
1595 317 1688 345 studia
1710 318 1744 346 ab

238 365 273 393 iis
297 366 408 394 exculta
432 374 495 393 esse
518 366 639 394 declarat
660 365 706 393 illa
725 367 880 394 multorum
902 365 1115 394 Historicorum
1137 365 1324 401 praestantia:
1351 366 1399 393 sed
1421 371 1533 394 exstant
1556 365 1638 394 etiam
1663 375 1747 403 pecu·

237 417 315 444 liat-ia
336 417 421 453 hujus
447 416 485 444 rei
511 417 640 453 vestigia.
683 417 730 445 Sic
750 418 910 445 Varronem
935 418 1115 452 etpAttt‘cmn
1141 416 1251 452 saepius
1284 416 1313 444 in
1337 415 1418 444 libris
1444 417 1503 445 suis
1525 424 1685 454 temporum
1707 427 1749 446 ra-

236 467 330 496 tiones
355 467 506 504 diligenter
524 468 749 504 perquisivisse,
778 474 893 504 apparet
914 476 929 495 e
953 467 1013 495 Cic.
1046 467 1074 495 in
1101 467 1192 495 Bruto
1225 475 1278 502 15,
1304 469 1334 495 18
1367 473 1394 494 et
1421 476 1466 503 19.
1515 467 1652 497 Omnium
1678 478 1746 498 vero

236 517 467 546 illustrissimum
490 519 648 554 exemplum
678 518 816 554 reperitur
844 518 873 547 in
903 516 989 554 Julio
1018 516 1161 552 Caesare,
1191 526 1272 552 quem
1300 518 1366 546 anni
1392 518 1615 555 magnitudinem
1640 520 1746 550 rectius

236 568 415 604 definivisse,
438 576 465 598 et
490 568 547 597 fere
569 570 598 597 in
620 570 675 598 hoc
697 578 797 606 genere
821 569 939 606 perfecti
963 572 1051 608 quid,
1083 572 1162 607 quod
1192 579 1290 599 omnes
1320 568 1419 599 deinde
1446 577 1650 607 sequerentur,
1682 572 1747 601 effe-

224 619 328 654 cisse,
350 627 450 648 notum
471 627 524 649 est.
566 621 613 650 Ad
636 621 846 658 Geographiam
866 624 947 659 quod
971 624 1090 657 attinet,
1115 623 1202 650 multa
1231 622 1287 650 huc
1313 622 1482 658 pertinentia
1502 630 1668 658 persecutus
1690 630 1748 652 erat

236 670 306 698 Calo
328 671 357 699 in
380 671 568 708 Originibus;
591 673 711 709 ejusque
733 674 851 703 scientia
872 676 1023 705 Ciceronis
1046 682 1134 704 aetate
1156 676 1248 703 clarus
1273 674 1367 703 fuisse
1389 674 1501 703 videaur
1522 674 1666 704 Procilius
1685 675 1748 711 qui-

235 722 319 757 dam,
350 723 433 759 cujus
454 723 561 752 mentio
582 729 625 752 est
650 732 696 759 ap.
724 726 782 754 Cic.
805 726 848 754 ad
867 727 933 755 Att.
958 727 999 762 11,
1025 737 1052 757 2.
1099 726 1167 755 Vin.
1195 726 1311 756 Jlarlcs.
1332 727 1365 756 Ρ.
1384 726 1466 762 H'p.
1492 729 1542 756 181
1568 735 1596 756 et
1617 726 1695 756 Em.
1716 726 1746 755 in

238 773 282 801 Cl.
301 772 332 802 h.
357 783 387 803 v.

953 859 970 893 ,ς
1011 858 1040 885 6.

845 943 892 971 De
916 942 1130 973 Grammalica.

269 1028 458 1059 Grammatiei
478 1032 566 1061 studii
587 1031 667 1061 initia
684 1030 872 1068 exposuimus
889 1033 946 1068 Ep.
965 1031 1126 1068 superioris
1151 1033 1167 1069 §
1184 1043 1212 1062 2.
1251 1031 1311 1062 Sub
1330 1030 1412 1060 finem
1432 1032 1587 1068 superioris
1609 1032 1746 1069 Epochae

236 1086 264 1108 et
294 1081 407 1118 initium
439 1083 526 1120 hujus
557 1083 779 1112 Grammaticam
809 1084 866 1120 (ut
893 1078 932 1112 ait
961 1086 1077 1114 Saeton.
1103 1087 1142 1123 3)
1167 1085 1365 1113 instruxerunt
1392 1090 1589 1120 auxeruntque
1614 1085 1648 1113 ab
1669 1084 1749 1114 omni

236 1137 314 1166 parte
336 1133 374 1161 L.
393 1134 494 1162 Aelius
516 1134 688 1163 Lanuvinus
710 1140 738 1162 et
759 1134 876 1163 Servius
897 1134 1027 1170 Clodius,
1057 1130 1177 1172 uterilue
1199 1136 1297 1171 Eques
1323 1136 1491 1171 Romanus,
1523 1145 1644 1172 quorum
1667 1136 1750 1164 illum

234 1182 291 1218 jam
315 1173 410 1220 supra*
424 1185 643 1214 memoravimus
664 1187 680 1221 §
701 1194 731 1221 33
755 1185 801 1213 hic
825 1185 869 1214 vir
888 1185 946 1215 fuit
969 1187 1181 1217 litei-attissimus
1203 1195 1230 1216 et
1255 1187 1406 1216 acerrimus
1433 1187 1593 1222 C1-iticus‚.
1613 1185 1656 1214 uti
1670 1191 1749 1222 patet

235 1241 251 1262 e
271 1234 330 1262 Cic.
355 1236 397 1263 ad
416 1236 488 1265 Div.
510 1237 567 1272 IX,
596 1238 628 1265 16
650 1243 676 1264 et
697 1236 739 1265 ad
757 1238 822 1268 Alb.
845 1237 873 1272 Ι,
897 1248 944 1266 20.
985 1237 1036 1267 Cf.
1064 1239 1142 1267 ΕΓΗ.
1174 1239 1201 1267 111
1233 1239 1277 1268 Cl.
1319 1239 1380 1267 Nec
1404 1238 1519 1273 obstat,
1549 1238 1628 1273 quod
1651 1243 1748 1273 poste-

236 1284 310 1313 riore
332 1286 398 1314 loco
423 1287 563 1316 Claudius
584 1288 723 1323 vo'eatur;
746 1294 789 1316 est
811 1289 884 1316 enim
910 1290 965 1318 ista
997 1297 1135 1319 consueta
1160 1291 1330 1327 permutatio
1359 1288 1533 1326 diphthongi
1561 1299 1600 1317 aa
1619 1295 1646 1317 et
1664 1297 1750 1325 vocar

236 1334 272 1362 lis
297 1345 327 1370 ο,
343 1337 384 1373 vde
405 1346 461 1373 qua
479 1339 536 1375 J'am
559 1340 673 1368 monuit
692 1339 830 1368 lilaretns
853 1340 929 1368 Var.
949 1341 1046 1369 Lem.
1072 1342 1131 1375 lx,
1158 1351 1204 1370 11.
1245 1343 1345 1370 Postea
1373 1342 1441 1369 adeo
1469 1347 1571 1368 auctus
1596 1346 1639 1368 est
1661 1340 1749 1376 hujus

235 1385 302 1413 artis
328 1385 443 1422 honos,
471 1396 505 1417 ut
533 1398 743 1426 nonnunquam
765 1391 869 1427 viginti
894 1391 982 1419 simul
1018 1392 1139 1421 Scholae
1170 1393 1197 1421 111
1228 1394 1307 1421 Urbe
1337 1399 1450 1427 essent,
1477 1398 1505 1419 et
1528 1390 1573 1419 vel
1605 1390 1750 1430 principes

236 1435 291 1464 viri
310 1437 422 1473 aliquid
439 1439 473 1467 de
501 1448 531 1468 ea
555 1440 724 1470 scriberent.
765 1442 812 1470 Sic
838 1449 967 1478 tempore
993 1444 1146 1472 Ciceronis
1178 1445 1276 1472 lits-ro
1309 1443 1424 1479 scripsit
1450 1443 1484 1470 de
1513 1441 1610 1477 lingua
1630 1441 1752 1471 Latinaz

237 1486 341 1525 Julius
366 1489 494 1525 Caesar,
519 1497 552 1519 ut
574 1498 690 1521 constat
719 1501 753 1522 ex
774 1494 906 1522 Suetonio
926 1494 956 1522 in
977 1494 1038 1530 ejus
1060 1494 1136 1529 vita,
1166 1504 1193 1523 c.
1209 1494 1249 1530 *56
1281 1494 1369 1522 libros
1402 1494 1475 1521 duos
1507 1493 1541 1520 de
1569 1492 1698 1527 analogia
1717 1492 1753 1520 ad

238 1537 405 1569 Ciceronem
425 1541 524 1577 misit,
547 1551 622 1578 quos
643 1544 691 1572 hic
717 1544 878 1580 significare
900 1545 1014 1573 videtur
1032 1545 1062 1574 in
1087 1545 1191 1581 Bruto,
1220 1555 1275 1581 72:
1304 1545 1341 1573 P.
1368 1544 1509 1581 Nigidius
1530 1543 1652 1580 Fignlus
1673 1551 1751 1571 com-

236 1588 389 1618 mentariOS
410 1591 621 1623 Grammaticos
647 1595 783 1631 reliquit,
812 1596 941 1625 laudatos
965 1606 981 1624 a
1002 1597 1095 1626 Gellio
1120 1597 1202 1632 XIX,
1227 1605 1272 1632 14.
1314 1596 1374 1624 Sub
1402 1595 1539 1631 Augusto
1564 1594 1692 1622 Metalla
1716 1594 1751 1623 Ιί-

237 1641 328 1668 bellos
359 1640 524 1676 composuit
547 1646 581 1668 de
605 1646 700 1675 vai-bis
730 1647 854 1683 singulis
886 1656 918 1675 ac
948 1647 1052 1684 literis,
1082 1657 1206 1684 quorum
1230 1647 1337 1676 mentio
1366 1646 1397 1675 fit
1420 1646 1496 1683 apud
1515 1646 1752 1682 Qs·i71ctilla71!tm

215 1725 222 1732 ,
237 1692 269 1727 1,
292 1700 321 1727 7-
362 1691 443 1720 Arati
463 1691 598 1720 carmin&
612 1700 671 1720 ¹¹01]
698 1696 792 1720 solum
818 1698 921 1727 verrit„
947 1700 996 1727 sed
1017 1699 1099 1728 etiam
1122 1699 1301 1728 doctissimis
1325 1697 1546 1728 Commentariis
1572 1695 1749 1730 illustravit,

237 1743 346 1771 Caesar
369 1743 571 1771 Germanicus.
622 1743 691 1771 Vid.
722 1751 794 1778 quae
823 1744 857 1771 de
885 1743 965 1772 hisce
989 1744 1059 1772 vir1s
1088 1751 1200 1773 notavit
1226 1751 1355 1774 l’mcitus
1381 1743 1416 1772 tle
1440 1743 1517 1772 Crit.
1541 1744 1572 1779 Ι,
1597 1753 1629 1779 32
1652 1752 1678 1773 ct
1702 1754 1749 1781 33.

236 1793 325 1832 Quod
346 1801 439 1822 autem
461 1795 495 1823 ad
517 1794 663 1830 publicam
695 1795 782 1831 hujus
810 1794 908 1823 aetatis
942 1795 1153 1824 institutionem
1185 1796 1303 1830 attinet,
1334 1794 1504 1831 praecipuos
1534 1795 1594 1831 ejus
1616 1796 1749 1825 doctores

239 1851 365 1873 recenset
389 1845 565 1881 Suetonius,
596 1854 610 1874 e
635 1846 742 1881 quibus
764 1845 833 1874 satis
857 1846 909 1874 erit
937 1846 1100 1876 nominasse
1126 1848 1174 1875 M.
1201 1847 1360 1875 Antoniam
1386 1846 1578 1884 Gniphoncm,
1603 1847 1651 1882 qui
1668 1847 1751 1876 Cice-

238 1896 318 1925 ronis
343 1895 400 1924 fuit
421 1903 604 1933 praeceptor:
634 1898 778 1927 Orbilium
806 1897 974 1936 Pupillmn‚
1006 1908 1065 1933 quo
1092 1899 1229 1935 magistro
1255 1897 1395 1926 Horatius
1425 1906 1497 1933 puer
1526 1907 1596 1926 usus
1626 1905 1686 1933 est,
1719 1904 1752 1928 ut

240 1954 358 1983 apparet
378 1955 411 1976 ex
433 1949 495 1986 ejus
518 1949 594 1987 Epp.
618 1949 663 1984 ΙΙ,
688 1958 721 1983 1,
749 1950 785 1984 69
807 1958 872 1985 sq.:
903 1949 1034 1985 Amissum
1064 1950 1266 1986 Philologum‚
1296 1950 1380 1985 cujus
1401 1948 1456 1977 suit
1477 1949 1752 1985 praestantissimum

240 2007 314 2034 opus
333 1999 424 2029 variae
448 2000 593 2030 doctrinae
613 2000 768 2037 refertum,
796 2009 828 2030 ac
849 2001 925 2038 Hyle
948 2000 1138 2038 inscriptum:
1168 2002 1306 2031 Verrium
1330 2000 1486 2036 Flaccum,
1513 2001 1596 2037 cujus
1621 2009 1695 2037 opus
1718 2000 1752 2029 de

1690 2059 1751 2079 ver-
