1940 2474
322 150 364 193 ιε
557 151 599 186 fl.
664 125 876 184 esua
941 158 1048 183 nan
1112 150 1288 184 Boon
1355 153 1595 197 Musca,

779 566 1153 607 CAPUT
1292 568 1376 610 ΙΙ.

459 717 507 742 DE
533 722 698 752 MEDHS,
726 721 874 753 QUIBUS
906 723 1088 744 SINGULA
1115 719 1446 747 ATMOSPHAERAE
1472 725 1693 749 PRINCIPIA

857 775 1041 809 RROXIMA
1070 775 1308 798 DELENTUR.

1021 939 1051 974 S.
1095 947 1141 967 11.

323 968 472 1045 Singula
491 1008 716 1047 Atmosphaerae
732 1011 892 1049 principia,
916 1014 1021 1048 quovis
1041 1014 1178 1051 temporis
1195 1013 1336 1049 articulo,
1357 1020 1445 1051 atque
1462 1015 1491 1044 in
1517 1015 1594 1045 omni
1616 1015 1728 1045 tellur1s
1743 1021 1833 1052 angu-

322 1056 373 1093 lo,
395 1061 595 1096 compluribus
614 1063 710 1092 causis
729 1064 815 1093 deleri
828 1066 932 1094 docent
951 1073 978 1094 et
999 1066 1213 1095 observationes
1234 1064 1429 1101 multiplices,
1451 1069 1624 1102 saepiusque
1642 1066 1773 1095 instituta
1792 1073 1838 1093 ex-

323 1110 494 1147 perimenta,
515 1113 682 1150 praeprimis
701 1121 728 1143 et
749 1115 978 1153 inorganicorum
997 1123 1025 1145 et
1047 1116 1247 1154 organicorum
1265 1116 1418 1145 Chemicae
1439 1117 1660 1153 compositionis
1679 1123 1836 1151 eorumque

315 1160 450 1198 virium,
472 1165 626 1202 cumlquae
641 1166 779 1195 dicuntur
795 1167 949 1204 Physicae,
970 1175 1030 1196 tum
1051 1175 1076 1195 et
1092 1168 1285 1204 Dynamicae,
1307 1168 1383 1204 justa
1401 1174 1429 1195 et
1448 1174 1577 1196 accurata
1603 1167 1744 1203 cognitio.
1784 1166 1841 1195 Est

321 1212 400 1242 enim
423 1221 454 1242 ea
476 1215 702 1252 Atmosphaerae
724 1218 852 1248 conditio
877 1219 1084 1255 sapientissime
1112 1219 1288 1254 constituta,
1310 1226 1342 1246 nt
1361 1219 1390 1247 in
1415 1218 1481 1247 sinu
1505 1226 1560 1246 suo
1579 1217 1743 1252 contineat,
1773 1216 1839 1252 qui-

322 1262 447 1293 buscum
476 1266 594 1301 quaevis
619 1270 762 1297 terrestria
789 1270 906 1298 multam
935 1270 1056 1299 habeant
1086 1270 1246 1299 affinitatem
1272 1277 1357 1305 atque
1385 1269 1422 1297 ita
1449 1276 1673 1304 conserventur,
1708 1268 1840 1303 moleque

323 1321 498 1352 augeantur,
524 1318 693 1355 quibusque
725 1320 868 1356 quidquid
899 1321 991 1356 vivit,
1018 1321 1161 1349 nutriatur
1192 1327 1219 1349 et
1252 1327 1369 1348 crescat.
1420 1320 1543 1347 Nullum
1574 1319 1647 1347 enim
1677 1319 1705 1346 in
1738 1325 1838 1346 natura

324 1364 565 1404 phaenomenon,
592 1369 654 1398 sive
679 1372 758 1407 qimd
774 1371 804 1400 in
822 1371 1012 1400 subterraneis
1030 1372 1179 1406 cavernis,
1205 1371 1265 1400 sive
1286 1371 1314 1399 in
1334 1371 1426 1407 plagis
1452 1370 1690 1405 sublimioribus„
1720 1368 1840 1405 potissi-

324 1421 403 1442 mum
433 1416 462 1446 in
484 1420 576 1448 nostri
599 1423 728 1457 planetae
753 1423 904 1459 superficie
933 1423 1065 1457 diversa,
1097 1423 1284 1456 observatur,
1315 1422 1394 1456 quod
1416 1429 1475 1449 non
1500 1420 1611 1455 aliquid
1634 1419 1664 1447 in
1686 1418 1837 1447 ambientis

323 1464 407 1493 fluidi
426 1466 550 1498 indolem
573 1471 688 1507 efficiat;
713 1475 826 1502 nullum
848 1474 980 1503 vivorum
1011 1473 1231 1507 incrementum,
1254 1472 1386 1508 vitaeque
1410 1470 1583 1499 sustentatio
1609 1470 1670 1498 sive
1690 1468 1836 1506 vegetabi-

321 1515 396 1545 lium
421 1518 482 1546 sive
501 1520 685 1559 animalium,
707 1524 779 1560 quin
801 1533 835 1552 ex
860 1533 1015 1560 numquam
1043 1525 1182 1552 exhausto
1205 1523 1433 1559 Atmosphacrae
1456 1521 1536 1550 fonte
1557 1520 1645 1549 multa
1663 1520 1697 1549 ab
1722 1519 1767 1548 his
1789 1519 1837 1548 ad-

312 1566 484 1597 ‘sciscantur
498 1571 559 1607 ejus
574 1574 724 1611 principia.
761 1576 838 1604 Cum
851 1576 947 1611 itaque
964 1575 1049 1605 variis
1065 1575 1157 1603 modis
1172 1574 1396 1609 Atmosphaerae
1409 1573 1602 1602 conditionem
1620 1577 1748 1605 mutent,
1762 1570 1837 1607 eJus-

327 1626 383 1653 que
406 1620 547 1657 principia
572 1625 718 1654 destruant
746 1628 909 1663 complures
932 1626 1097 1662 potentiae,
1125 1633 1158 1654 ut
1181 1625 1279 1654 ordine
1307 1626 1430 1660 quodam
1457 1623 1666 1659 procedamus,
1688 1620 1835 1656 quomodo

323 1675 354 1697 et
379 1670 549 1705 quibusnam
569 1676 664 1705 causis
680 1677 826 1706 deleantur
840 1677 972 1714 singula,
994 1677 1097 1714 Capite
1118 1677 1141 1705 1.
1170 1682 1341 1710 memorata,
1363 1675 1587 1710 Atmosphaerae
1603 1670 1764 1709 principia,
1787 1671 1834 1699 de-

325 1722 560 1753 monstrabimus.

1019 1808 1048 1842 §-
1093 1816 1138 1834 12.

363 1873 465 1902 Atrem
491 1876 525 1904 ab
547 1877 718 1908 animalibus
743 1880 917 1917 exspiratum
945 1882 1022 1910 omni
1044 1891 1143 1919 genere
1171 1882 1205 1911 ab
1230 1881 1368 1918 inspirato
1398 1879 1510 1909 differre
1535 1878 1623 1907 multa
1644 1877 1835 1914 experimenta

323 1924 501 1962 docuerunt,
530 1935 557 1955 et
580 1929 755 1959 tristissimis
778 1931 852 1960 haud
874 1941 936 1959 raro
958 1933 1096 1968 exemplis
1115 1933 1297 1969 experientia.
1346 1931 1470 1968 Sanguis
1487 1929 1642 1964 nimirum,
1668 1937 1757 1964 quum
1777 1927 1833 1957 sibi

324 1982 340 2004 a
363 1975 472 2007 Natura
493 1978 599 2008 tributa
616 1981 788 2017 praestiterit
812 1991 943 2019 munera,
966 1983 1062 2012 deesse
1083 1983 1185 2020 incipit
1209 1991 1235 2012 et
1255 1983 1420 2019 corrumpi3
1450 1981 1574 2011 abundat
1594 1980 1668 2010 enim
1695 1979 1834 2017 hydroge-

1754 2037 1836 2059 mum
