1940 2474
221 146 265 175 ²2¹
570 131 1391 169 ABRAHAMI'CAPADO‘CE.

238 226 473 262 .Argumentum
495 220 638 250 Tertium.
677 220 800 255 Inedia,
823 220 925 258 quibus
951 221 1016 249 unio
1040 222 1253 258 principiorum
1270 222 1408 258 partium
1437 221 1644 258 organicorum
1672 229 1749 253 turb⁴

224 279 328 311 hatur,
353 285 407 304 uon
429 273 514 305 merci
535 272 670 302 Chenu‘cd
692 273 832 310 affinitate
855 280 942 309 agere
962 278 1097 309 possunt,
1120 272 1169 302 scd
1191 273 1304 301 omnino
1324 281 1422 301 eorum
1437 277 1518 300 *actm
1536 280 1594 312 per
1615 276 1672 304 vim
1694 275 1739 305 νί.

224 329 312 358 talem
334 327 561 355 determinatur,

242 402 244 404 .
262 379 329 408 Huc
350 377 508 414 pertinent,
530 375 572 405 uti
590 376 646 414 jam
670 383 757 412 supra
777 373 922 410 diximus,
943 375 1006 411 aer,
1027 375 1177 412 alimenta,
1198 375 1404 406 medicamenta
1423 381 1451 405 et
1474 383 1593 405 venena.
1633 375 1736 407 Videa-

225 440 289 462 mus
313 431 346 460 de
367 428 504 466 singulis.

911 502 1054 535 AiSR'.

265 577 355 623 Quod
375 583 410 612 ad
427 582 545 611 effectus
568 581 639 611 a‘e'ris
659 581 688 611 iu
710 589 817 619 corpus
835 581 990 610 humanum
1008 581 1146 611 Chemice
1161 582 1320 619 explicatos
1341 581 1460 617 attinet,
1481 580 1511 610 id
1525 581 1582 619 iam
1599 587 1681 611 antea
1697 581 1740 611 vi-

226 637 331 666 dimus.
372 636 483 664 Contra
500 634 572 662 hanc
590 642 656 663 vero
674 634 840 663 Chemicam
861 634 1001 662 actionem
1019 633 1205 669 sequentibus
1225 633 1413 671 argumentari
1433 639 1604 669 possumus.
1644 633 1744 663 Primo

228 689 342 724 quidem
365 687 427 723 ipsa
449 686 518 716 aeris
543 685 719 722 compositio
744 694 797 714 nos
824 686 924 721 docet,
953 691 1062 721 praeter
1081 684 1247 713 Chemicam
1270 685 1410 714 actionem
1434 685 1517 713 aliam
1540 685 1633 713 adhuc
1653 679 1742 713 adsu'-

227 740 356 769 mendam
380 746 453 766 esse.
494 738 609 768 Etenim
631 739 700 766 usus
723 737 816 773 ipsius
839 736 916 765 azoti
935 742 1044 772 praeter
1060 736 1132 766 alios
1155 736 1184 765 iu
1205 745 1238 765 eo
1262 744 1380 772 quoque
1399 735 1557 765 consistere
1576 736 1741 770 credimus,

229 791 310 826 quod
329 789 449 820 nimium
470 789 540 818 aei-is
565 789 714 818 stimulum
741 788 772 817 in
793 787 957 817 tenerrimos
980 792 1007 815 et
1029 786 1148 815 maxime
1176 787 1295 816 sensiles
1317 788 1470 823 pulmones
1494 793 1650 824 temperet3
1672 787 1743 816 dum

228 842 323 877 ipsum
354 839 529 876 oxygonium
556 840 652 868 etidem
678 839 809 874 ratione,
844 847 903 867 non
931 839 1027 866 solum
1053 847 1103 874 per
1125 838 1290 867 Chemicam
1316 839 1377 875 ejus
1403 838 1546 867 actionem
1569 838 1600 867 in
1628 837 1744 875 sangui-

234 900 296 924 nem
308 913 318 927 ‚
340 892 390 921 sed
404 890 555 927 praecipue
571 899 622 927 per
633 890 691 919 vim
706 889 920 923 stimulantem,
941 888 1029 916 vitam
1047 889 1255 924 sanitatemque
1272 896 1422 917 conservat
1437 889 1511 926 (9).
1552 890 1633 926 Ergo
1650 890 1678 918 in
1695 897 1744 918 su-

231 951 282 979 pra
303 948 458 971 memorato
480 951 565 977 casu,
592 941 642 970 ubi
663 951 696 971 ex
714 940 901 978 inspiratione
917 939 989 968 aeris
1011 941 1111 976 magna
1126 939 1199 968 acidi
1217 940 1362 969 carbonici
1381 939 1466 976 copia
1491 940 1626 977 maregni,
1649 940 1747 977 gravia

230 999 424 1030 symptomata
450 993 517 1022 oriri
543 993 688 1029 vidimus,
720 993 807 1030 huJus
829 991 1018 1029 phaenomeni
1043 990 1116 1020 ratio
1138 999 1198 1020 non
1221 993 1315 1020 solum
1345 991 1379 1020 ab
1406 999 1439 1020 eo
1470 991 1590 1027 pendere
1610 990 1744 1025 videtur,

232 1046 312 1080 quod
333 1045 449 1082 sanguis
469 1044 592 1074 debitam
617 1044 750 1082 oxygenii
772 1044 885 1081 copiam
907 1051 1050 1072 assumere
1076 1048 1216 1079 nequeat,
1240 1043 1283 1071 uti
1305 1043 1428 1072 Clariss.
1449 1040 1608 1071 Humboldt
1628 1041 1743 1076 voluit,

232 1095 282 1123 secl
305 1096 388 1124 etiam
412 1096 549 1132 quoniam
578 1097 690 1125 acidum
718 1095 903 1124 carbonicum
927 1095 1075 1124 inimicum
1104 1094 1252 1122 stimulum
1278 1094 1468 1129 pulmonibus
1489 1092 1598 1122 afferat.
1637 1092 1751 1122 Eadem-

232 1146 388 1182 explicatio
408 1147 562 1177 convenire
578 1148 690 1177 videtur
709 1147 810 1175 ceteris
831 1146 928 1175 noxiis
950 1153 978 1175 et
997 1147 1170 1175 salutaribus
1195 1144 1265 1172 aeris
1290 1144 1455 1180 speciebus.
1496 1144 1544 1173 Sic
1565 1143 1647 1173 Clar.
1670 1144 1744 1173 Cur-

231 1199 290 1231 tius
314 1199 457 1236 Sprengel
475 1199 627 1229 utilitatem
653 1197 786 1234 inspirati
810 1197 879 1226 aeris
898 1205 1028 1233 magnam
1054 1196 1223 1233 hydrogeuii
1246 1195 1394 1224 carbonati
1415 1195 1528 1232 copiam
1549 1195 1746 1231 continentis,

233 1248 263 1277 in
287 1249 379 1278 stadio
403 1249 554 1286 phthiseos
583 1238 706 1283 florido,
737 1249 767 1277 in
790 1256 823 1276 eo
846 1249 1006 1284 ponendam
1032 1257 1095 1278 esse
1113 1253 1227 1282 censet,
1259 1248 1337 1283 quod
1357 1247 1475 1283 sanguis
1496 1246 1583 1275 nimis
1603 1247 1746 1283 oxydatus

236 1299 291 1328 hac
310 1301 419 1329 ratione
434 1309 520 1329 suum
542 1299 715 1337 oxygenium
740 1308 792 1335 pro
815 1302 893 1336 piufte
913 1299 1034 1328 amittat.
1076 1299 1131 1328 Scri
1150 1307 1245 1327 nonne
1266 1298 1364 1334 potius
1387 1299 1475 1335 hujus
1495 1297 1566 1326 ae'ris
1594 1306 1666 1327 usus
1684 1298 1748 1333 Dy-

232 1351 344 1379 namica
364 1351 474 1379 ratione
495 1357 594 1387 posset
613 1350 771 1386 explicari?
800 1350 878 1379 Dum
896 1351 969 1379 enim
993 1350 1021 1379 in
1041 1351 1096 1378 hoc
1121 1350 1223 1378 morbo
1245 1349 1387 1378 sensilitas
1406 1349 1578 1385 pulmonum
1599 1348 1681 1376 valde
1701 1352 1748 1377 est

234 1402 371 1436 adaucta,
398 1401 535 1429 minorem
560 1401 708 1429 stimulum
727 1401 833 1437 requiri
854 1401 938 1429 facile
958 1407 1001 1429 est
1019 1401 1170 1436 conjicere.
1214 1401 1289 1428 l‘linc
1311 1401 1378 1428 dum
1396 1399 1602 1427 irritamentum
1628 1398 1657 1426 in
1674 1405 1747 1433 oxy-

235 1453 319 1488 genio
346 1452 476 1488 positum
498 1451 532 1480 ab
557 1452 608 1480 illo
629 1451 726 1480 addito
748 1453 809 1480 aere
826 1451 965 1480 artificiali
991 1451 1141 1487 praecipue
1164 1450 1317 1485 limitetur,
1341 1450 1456 1485 sequela
1477 1455 1538 1483 est,
1561 1447 1640 1484 quod
1662 1447 1747 1477 etiam

234 1503 378 1532 sensilitas
401 1503 499 1532 minus
520 1502 659 1531 excitetur
682 1509 709 1531 et
729 1502 795 1532 hinc
819 1503 946 1540 optimos
969 1508 1091 1539 praestet
1113 1501 1243 1530 effectus.
1290 1500 1430 1529 Videmus
1452 1499 1542 1537 igitur
1568 1500 1598 1528 in
1624 1499 1746 1536 respira-

232 1554 313 1583 tione
330 1555 472 1591 duplicem
498 1553 616 1582 omnino
638 1562 699 1583 esse
716 1554 897 1590 relationem,
918 1554 1104 1591 Dynamicam
1126 1561 1227 1589 nempe
1249 1559 1276 1581 et
1294 1552 1475 1580 Chemicam.

270 1605 362 1634 Aliud
384 1611 581 1641 argumentum
611 1613 664 1641 pro
687 1605 826 1634 sententia
848 1607 883 1635 de
909 1607 966 1642 qua
992 1606 1085 1642 agitur
1115 1605 1197 1633 etiam
1224 1604 1343 1638 militat,
1372 1611 1474 1639 nempe
1498 1603 1576 1631 calor
1600 1600 1743 1630 animalis.

233 1656 291 1686 Est
315 1656 390 1684 enim
416 1662 491 1684 certa
522 1663 549 1685 et
569 1663 706 1692 perpetua
730 1657 855 1693 Physica
880 1662 907 1685 et
928 1657 1065 1686 Chemica
1086 1658 1148 1692 lex,
1174 1662 1206 1684 ut
1231 1655 1386 1684 caloricum
1408 1653 1609 1689 aequilibrium
1630 1658 1742 1688 δειναῖς

234 1707 308 1736 hanc
326 1708 415 1744 legem
436 1707 531 1735 omnia
552 1706 716 1743 inorganica
738 1717 860 1744 corpora
875 1715 1055 1744 sequuntur:
1079 1708 1223 1736 metallum
1249 1707 1371 1735 candens
1394 1705 1472 1734 alteri
1494 1704 1598 1741 frigido
1619 1703 1746 1739 applice-

235 1765 284 1787 tur
301 1764 328 1787 et
347 1764 457 1787 tantum
478 1758 513 1786 de
530 1765 585 1786 suo
605 1758 729 1787 calorico
751 1760 867 1796 perdet,
889 1766 1029 1795 quantum
1050 1761 1169 1788 alterum
1192 1758 1344 1788 absorbere
1363 1757 1465 1792 debet,
1487 1761 1518 1784 ut
1539 1754 1739 1790 aequilibrium

1686 1804 1748 1834 for-

263 1892 316 1921 (9)
330 1891 454 1915 Secundum
467 1891 627 1914 Rea-emiorum
640 1893 784 1920 quorumdam
802 1890 933 1920 opinionem
953 1891 1022 1920 ipsum
1043 1892 1100 1914 netis
1119 1891 1295 1919 Auuosphrcrici
1313 1889 1413 1919 inspirati
1435 1888 1569 1916 oxygeuium
1589 1895 1633 1911 non
1655 1887 1744 1914 sangui·

235 1938 279 1954 neo
293 1933 355 1956 latici
372 1933 519 1960 admiscetur,
533 1934 572 1954 sed
585 1939 655 1956 toturn
668 1939 691 1957 et
703 1934 768 1958 unice
781 1934 875 1959 inservit
888 1936 915 1958 ad
927 1934 1068 1958 formandum
1083 1934 1170 1957 acidum
1189 1933 1332 1957 carbonicum
1352 1938 1401 1956 cum
1413 1930 1534 1958 cai-bonio,
1557 1935 1580 1953 et
1600 1935 1678 1957 nquam
1691 1933 1742 1952 cun

236 1973 382 2002 Hydrogeuio
400 1974 510 2001 saguinis
529 1974 617 1998 venosi.
