1960 2500
374 203 478 248 ᾖα.
601 200 636 235 K.
703 203 742 233 L.·
799 199 918 233 arar<
985 210 1090 233 nnn
1155 199 1334 234 BOON
1398 202 1644 244 MEscm

402 288 537 329 =Quibiis
562 289 697 318 omnibus
717 287 864 323 perpensis
886 287 1107 323 ponderatisque
1136 287 1235 322 ecquis
1262 287 1397 323 miretur,
1424 289 1589 318 Zachariam
1614 292 1649 320 de
1674 292 1810 324 immensa
1834 296 1890 326 Dei

386 342 473 379 gratia
494 340 654 369 admodum·
669 337 825 367 honorifice
847 338 989 373 sensisse,
1017 347 1134 374 eamque
1157 338 1276 366 summis
1298 339 1431 367 laudibus
1458 341 1624 376 praeprimis
1650 344 1824 381 celebrasse,
1845 347 1888 383 ip-

386 393 468 427 sique
485 391 556 419 nihil
580 390 674 419 visum
699 397 762 417 esse
779 388 870 425 magis
894 395 1044 426 optatum,
1065 397 1150 425 quam
1172 396 1205 418 ut
1227 398 1394 426 supremum
1418 390 1534 421 Numen
1557 393 1677 423 summis
1701 395 1734 424 ab
1753 397 1887 427 omnibus

386 442 520 481 gentibus
545 441 690 473 efferretur
710 440 867 470 laudibus?

1082 535 1110 570 §.
1154 543 1198 563 11.

397 647 425 673 3.
474 607 476 620 ,
588 662 592 666 Α
623 623 765 668 Religio,
774 628 879 671 ..atque
897 622 995 651 intimi
1017 624 1108 651 animi
1132 619 1239 660 afflatu
1259 619 1367 654 Divino
1391 627 1529 655 concitati
1551 634 1654 656 sensus.

397 712 587 742 Zacharias
602 720 634 742 ut
663 713 798 750 ingenio,
828 712 950 741 candore
972 713 1077 748 animi,
1107 719 1193 750 atque
1216 714 1314 743 indole
1337 715 1475 751 honesta,
1501 715 1652 750 excelluit,
1681 717 1901 754 praeclarasque

384 762 419 792 de
434 763 519 793 rebus
545 758 651 803 divinis
673 764 806 792 notiones
835 770 863 792 et
887 763 981 792 animo
1014 764 1166 800 concepit,
1196 772 1223 793 et
1245 765 1338 793 verbis
1371 766 1530 802 expressit,
1552 766 1599 806 *ita
1624 766 1756 797 univeisa
1778 775 1902 804 quoque

382 813 406 849 ἑ·
410 821 445 841 us
473 814 611 843 sentiendi
641 813 799 851 agendique
829 814 899 842 1ati0
929 814 1100 850 probitatem
1131 824 1162 843 ac
1195 816 1327 851 pietatem
1356 816 1446 852 spirat
1462 838 1472 852 ,
1501 823 1531 847 et
1550 823 1651 853 pectus
1679 818 1737 846 veri
1767 817 1901 855 rectique

383 865 480 892 amore
508 865 630 901 flagrans
660 864 844 893 manifestum
867 865 969 893 reddit.
1009 865 1102 894 Deum
1128 866 1186 894 sibi
1214 867 1354 903 proponit
1376 876 1461 903 supra
1487 877 1531 897 res
1564 877 1663 897 omnes
1690 867 1902 904 excellentem,

384 907 577 951 omniscium,
600 924 711 952 semper
733 915 788 944 sibi
805 908 1001 951 constantem,
1032 917 1209 952 eundemque
1231 924 1366 954 tanquam
1387 919 1480 947 Deum
1503 919 1676 956 Abrahami,
1706 929 1737 949 ac
1756 920 1875 949 Davidis
1885 923 1902 956 ‚¹

381 965 533 1002 totiusque
561 967 653 1002 gentis
676 966 865 1002 Isme'liticae,
889 966 1005 996 Numen
1031 968 1150 995 tutelare
1173 975 1332 996 veneratur.
1380 968 1478 1005 Ipsius
1505 976 1652 1006 praecepta
1676 977 1761 1006 atque
1787 975 1901 1000 statuta'

384 1024 471 1051 quam
494 1016 713 1053 diligentissime
738 1024 766 1046 et
793 1024 855 1046 toto
882 1017 978 1046 animo
1004 1018 1152 1046 observare
1174 1019 1295 1047 solebat.
1336 1018 1488 1056 Quidquid
1510 1020 1567 1056 ipsi
1591 1021 1747 1056 optandum
1769 1029 1800 1048 ac
1823 1018 1906 1048 clesi-

382 1058 536 1096 derandum
554 1066 723 1103 videbatur,
751 1076 767 1097 a
791 1066 987 1097 benevolentia
1010 1077 1042 1097 ac
1065 1069 1193 1106 potentia
1218 1068 1275 1097 div
1278 1077 1313 1098 na
1336 1066 1481 1105 sperabat,
1510 1077 1538 1099 et
1562 1069 1742 1099 calidissimis
1763 1069 1896 1107 precibus

382 1126 399 1146 a
419 1118 480 1147 Deo
502 1118 695 1155 implorabat,
719 1118 780 1156 ejus
804 1119 888 1148 dictis
913 1128 944 1148 ac
969 1120 1124 1156 promissis
1144 1120 1264 1148 firmiter
1290 1120 1396 1149 nitens.
1444 1121 1484 1150 Et
1512 1127 1545 1150 ut
1573 1121 1636 1158 ipse
1659 1129 1717 1151 erat
1748 1121 1833 1150 animi
1854 1121 1904 1150 vi-

383 1175 486 1205 taeque
502 1169 627 1207 integer,
658 1169 695 1198 ita
719 1177 747 1198 et
768 1171 936 1207 depravatos
959 1171 1019 1200 aevi
1046 1171 1092 1200 sui
1113 1180 1207 1201 mores
1229 1171 1323 1200 animo
1347 1172 1476 1207 dolebat,
1504 1179 1531 1200 et
1559 1173 1712 1209 populares
1739 1180 1814 1201 suos
1833 1179 1897 1208 gra-

383 1220 456 1249 viter
485 1221 712 1257 exhortabatur,
741 1228 774 1250 ut
801 1222 894 1250 Deum
927 1222 1036 1251 sincere
1063 1224 1210 1257 colerent,
1240 1230 1268 1251 et
1294 1223 1329 1251 ad
1357 1223 1490 1258 pietatem
1513 1224 1652 1260 maj0rum
1677 1224 1901 1252 revel-terentum*

383 1271 568 1309 Quapropter
591 1272 771 1301 vehementer
803 1274 961 1302 laetabatur
982 1275 1016 1303 de
1046 1274 1229 1302 sanctissimo
1258 1273 1383 1302 muneris
1420 1283 1436 1303 a·
1463 1274 1524 1304 filio
1553 1284 1608 1304 suo
1637 1275 1803 1312 capessendi
1828 1282 1903 1315 con-A

387 1322 476 1358 silio,
502 1331 539 1351 eo
558 1323 689 1358 scilicet,
710 1324 749 1352 ex'
765 1324 869 1360 Angeli
892 1324 1104 1361 promissione,
1127 1330 1288 1360 spectante,
1317 1331 1349 1352 ut
1374 1325 1501 1360 multos,
1525 1325 1575 1361 qui
1599 1335 1614 1354 a
1635 1326 1730 1362 prisca
1754 1323 1903 1361 probitate

384 1364 571 1410 deflexerant,
593 1375 623 1403 in
645 1381 747 1403 rectam
768 1375 841 1404 viam
863 1376 1028 1411 reduceret,
1059 1375 1153 1411 iisque
1171 1384 1272 1404 sensus
1297 1375 1363 1411 pios
1379 1383 1412 1403 ac
1435 1376 1545 1411 probos
1566 1374 1746 1404 instillaret.'
1769 1375 1896 1404 Tantum

385 1416 480 1450 abfuit
494 1441 504 1457 ,
533 1429 567 1451 ut
589 1425 623 1452 de
647 1429 760 1462 poena,
791 1434 875 1462 quain
899 1427 937 1456 ob
963 1426 1047 1456 fidem
1073 1426 1260 1462 promissioni
1282 1426 1422 1455 divinitus
1446 1425 1538 1455 factae
1564 1427 1728 1462 denegatam
1752 1422 1903 1460 subierat,

385 1472 512 1508 querelas
533 1474 680 1511 funderet,
711 1473 764 1511 ut,
787 1485 951 1514 recuperata
976 1478 1113 1513 loquendi
1133 1477 1288 1513 facultate,
1318 1486 1384 1506 mox
1404 1478 1497 1506 Deum
1523 1476 1643 1503 summis
1668 1473 1778 1502 efferret
1805 1475 1895 1504 laudi-

382 1519 608 1562 bus‚-'ejusque
634 1526 756 1556 virtutes
783 1529 947 1557 celebraret.
988 1529 1033 1557 De
1060 1529 1228 1558 necessitate
1255 1529 1395 1557 adventus
1426 1526 1552 1555 Messiae
1573 1526 1642 1554 adeo
1671 1525 1729 1561 ipsi
1751 1525 1809 1554 fuit
1830 1535 1894 1562 per-

379 1582 519 1611 suasum,
542 1583 574 1604 ut
592 1585 655 1605 eum
674 1585 810 1614 tanquam
835 1579 952 1615 Sotera,
974 1579 1035 1608 sive
1054 1588 1135 1609 verae
1156 1579 1272 1608 virtutis
1294 1579 1512 1607 instauratorem
1534 1584 1562 1606 et
1583 1578 1784 1612 redemtorem,
1805 1583 1895 1612 atque

379 1625 451 1653 adeo
472 1626 625 1655 rectiorum
648 1628 911 1665 perfectiorumque
940 1631 974 1658 de
1001 1631 1064 1659 Deo
1094 1631 1279 1665 notitiarum,
1308 1636 1336 1658 et
1361 1629 1540 1665 accipiendae
1563 1637 1578 1657 a
1596 1628 1684 1665 gratia
1708 1627 1804 1656 divina
1824 1635 1892 1663 pec·

379 1681 510 1704 catorum
533 1678 630 1706 veniae
651 1674 856 1716 felicitatisque
877 1687 1046 1717 perpetuae,
1062 1687 1205 1710 auctorem
1230 1681 1374 1716 laudaret,
1395 1680 1541 1717 diligeret,
1562 1686 1753 1709 veneraretur.

416 1725 524 1756 Libros
550 1736 646 1758 sacros
673 1731 767 1766 magni
800 1730 893 1766 fecit,
923 1738 1026 1767 utpote
1052 1740 1119 1760 suae
1141 1732 1233 1769 gentis
1261 1731 1426 1766 historiam,
1453 1731 1607 1760 luculentis
1626 1729 1820 1766 providentiae
1845 1729 1892 1758 di·-

381 1777 461 1806 vinae
493 1779 676 1808 documentis
704 1781 859 1810 confertam
878 1803 889 1817 ,
918 1782 1052 1818 vitasque
1074 1782 1378 1811 excellentissimorum
1409 1788 1453 1811 tot
1479 1781 1622 1815 virorum,
1653 1781 1885 1817 complectentes.

380 1826 422 1855 Ut
445 1829 474 1857 in
496 1837 595 1859 eorum
620 1839 788 1867 argumento
815 1832 952 1862 universo
975 1834 1218 1869 contemplando,
1248 1834 1285 1862 ita
1307 1833 1437 1869 inprimis
1462 1833 1491 1861 in
1520 1832 1642 1861 oraculis
1672 1831 1777 1860 divinis
1802 1839 1890 1859 manu

377 1880 543 1916 versandis,
569 1881 673 1918 pieque
694 1883 881 1920 indagandis,
911 1885 1051 1913 continuo
1073 1891 1233 1920 occupatus
1258 1883 1349 1912 fuisse
1372 1884 1501 1919 videtur3
1531 1890 1607 1912 certo
1634 1883 1691 1912 sibi
1716 1882 1890 1919 persuadens

379 1926 412 1954 de
433 1930 559 1958 omnium
580 1940 596 1960 a
624 1932 691 1961 Deo.
714 1933 856 1963 dictorum
886 1935 1154 1972 promissorumque
1181 1935 1257 1972 fide,
1287 1935 1394 1972 quibus
1421 1935 1491 1964 adeo
1514 1940 1633 1964 eventus
1664 1934 1768 1971 procul
1795 1931 1885 1962 dubio

378 1983 569 2012 responsurus
589 1984 676 2006 essct.
1831 2018 1874 2047 Im
