1940 2474
501 152 1019 189 ‘COMMENTATI‘O
1085 154 1445 188 JURIDICA.
1684 161 1728 190 21·-

222 247 315 277 functi
335 246 405 274 vitia
427 252 454 274 et
473 245 592 274 virtutes
619 245 765 280 succedit,
792 252 828 272 ne
853 250 921 272 tunc
947 243 1079 279 quidem,
1107 243 1132 271 si
1155 243 1275 279 probare
1299 244 1402 279 vellet,
1434 252 1448 271 a
1473 251 1524 271 sua
1546 249 1624 279 parte
1643 243 1674 270 b.
1695 242 1719 270 f.

222 285 328 328 adesse.

260 350 330 385 Agit
353 350 381 384 ς.
406 357 438 376 10
462 349 495 376 de
515 347 700 382 Publiciana,
724 355 794 382 quae
818 345 954 382 competit
976 344 1118 382 Domino,
1142 354 1173 373 ex
1192 346 1315 374 Persona
1329 346 1419 380 servi,
1443 347 1488 374 vel
1503 345 1718 381 procuratoris,

223 407 250 429 et
278 409 350 436 quae
373 399 511 435 competit
535 399 650 434 Pupillo
675 405 702 426 et
723 397 849 433 Minori,
870 405 903 425 ex
923 396 1046 425 Persona
1069 396 1191 424 Tutoris
1216 397 1260 424 vcl
1279 396 1438 426 Cur-amris.

260 451 414 479 Videamus
433 451 558 486 primum
584 451 617 478 de
637 458 731 478 servo.
962 480 963 483 Ἴ

258 501 411 540 Quidquid
434 510 533 530 servus
557 501 699 537 acquirit,
720 500 848 535 acquiret
869 499 995 528 Domino
1018 507 1092 534 suo,
1114 498 1195 527 etiam
1217 498 1370 534 ignoranti.
1412 500 1450 527 L.
1469 509 1514 535 32.
1532 499 1570 536 ff.
1591 501 1625 528 (le
1645 501 1723 539 Acq.

222 562 322 582 rerum
343 553 429 580 Dom.
471 552 562 588 Igitur
585 551 729 588 quidquid
747 559 846 579 servus
872 550 957 585 emit,
979 550 1106 578 Domino
1130 550 1216 585 emit,
1239 558 1288 577 nce
1315 549 1418 584 refert,
1440 557 1535 579 utrum
1553 552 1649 579 emerit
1669 557 1729 580 nod

222 604 298 632 mine
318 604 453 639 Domini,
474 612 510 632 an
531 613 586 632 suo
610 603 736 632 nomine.
781 602 855 630 Nam
871 622 880 636 ,
910 601 1043 636 quamvis
1065 609 1166 629 servus
1188 600 1334 636 peculium
1355 601 1454 629 lrabeat
1470 623 1480 636 ,
1508 604 1587 638 quod
1609 603 1633 631 ei
1655 604 1727 632 loco

221 656 388 691 patrimonii
411 655 464 690 sit,
493 655 547 683 hoc
567 661 658 682 tamen
677 663 736 682 non
756 654 818 690 jure
841 661 894 681 suo
913 652 1008 680 habet.
1054 652 1160 679 Servus
1185 651 1257 679 enim
1280 652 1342 686 jure
1368 652 1447 680 civili
1468 661 1526 681 non
1556 661 1599 682 est
1624 663 1722 690 perso-

219 713 273 740 na,
296 707 345 734 sed
366 706 443 734 inter<
462 714 505 734 res
530 712 743 734 annumeratur.
791 704 846 732 Sed
869 704 905 732 ob
931 702 1102 739 singularem
1128 701 1253 730 favorem
1280 702 1416 737 Domini,
1442 705 1608 732 conceditur
1630 705 1654 732 ei
1675 714 1723 740 pe-

220 756 350 791 culium,
371 764 405 784 ut
423 756 497 785 forte
515 765 548 785 ex
567 766 619 785 sua
641 755 787 792 diligentia
806 754 927 789 habeat,
948 754 1024 781 unde
1042 753 1198 781 libertatem
1222 761 1300 780 suam
1323 753 1449 781 redimat.
1491 754 1537 782 Ad
1560 754 1615 783 hoc
1639 763 1727 790 pecu-

218 805 292 834 lium
314 808 454 843 agendum
474 807 615 835 faciebant
631 807 759 840 Annua,
787 813 861 840 quae
881 804 970 833 servis
995 803 1140 839 publicis,
1164 810 1191 831 et
1208 803 1380 839 illemtrtm,
1400 812 1471 840 quae
1494 806 1584 834 servis
1600 806 1723 842 propriis

220 856 371 884 dabantur.
408 873 443 879 —
474 858 550 886 Cum
571 857 767 886 introductum
792 863 886 891 esset,
913 861 947 883 ut
974 863 1024 890 per
1053 863 1166 889 servum
1198 854 1344 890 possidere
1374 862 1400 883 et
1433 864 1588 892 usucapere
1607 866 1727 893 possent

219 906 357 942 Domini,
388 907 535 943 seqnitur,
565 909 600 936 iis
633 909 715 936 etiam
741 907 934 936 Publicianam
960 914 1008 941 per
1033 914 1081 933 eos
1104 907 1276 941 competere.
1326 905 1480 943 Quidquid
1505 908 1578 936 enim
1603 910 1729 946 usucapi

219 964 336 995 potest,
359 958 441 988 etiam
462 960 538 987 valet
559 959 593 987 ad
615 959 823 987 Publicianam.
865 958 920 986 Sed
936 956 1006 992 quid
1022 956 1114 993 juris,
1137 956 1161 984 si
1183 956 1298 985 nomine
1317 957 1433 986 alterius
1448 967 1477 986 v.
1494 967 1521 987 c.
1539 959 1611 987 Titii
1625 969 1724 991 servus

222 1017 304 1038 meus
320 1010 392 1046 quid
415 1010 576 1047 acceperit?
605 1009 670 1040 Hoc
693 1020 761 1040 casu
785 1010 864 1040 nulla
883 1008 953 1038 mihi
977 1004 1059 1036 datur
1079 1007 1254 1036 Publiciana.
1303 1008 1390 1037 Ratio
1413 1016 1472 1045 est,
1500 1010 1635 1045 quonlam
1659 1021 1727 1048 pos-

217 1061 318 1090 sessio
339 1061 410 1090 mihi
434 1071 493 1091 non
515 1063 691 1098 acquiritur,
713 1064 762 1092 scd
787 1063 880 1097 Titio,
902 1060 986 1097 cujus
1010 1058 1125 1090 nomine
1148 1065 1221 1087 emta
1244 1065 1287 1087 est
1308 1067 1362 1088 res.
1555 1096 1559 1099 “

220 1131 227 1135 -
261 1111 340 1140 Haec
355 1113 394 1154 ⁴de
414 1113 514 1142 Servo.
555 1114 709 1143 Videamus
733 1114 767 1142 de
788 1112 926 1149 reliquis,
948 1112 982 1139 de
1005 1111 1193 1139 Procuratore
1211 1109 1366 1147 nimirum,
1393 1113 1427 1141 de
1448 1113 1577 1150 Tutore,
1600 1113 1724 1145 Cu‘rato.

218 1171 270 1198 τε,
290 1170 321 1192 et
339 1164 522 1201 negotiorum
543 1171 667 1202 gestore.
711 1165 784 1199 Sed,
806 1171 840 1192 ut
863 1163 936 1191 illud
956 1161 1048 1190 obiter
1069 1161 1216 1197 dicamus,
1238 1162 1369 1197 loquitur
1385 1163 1448 1192 Lex
1473 1165 1506 1193 de
1521 1165 1725 1209 Procuratore,

217 1220 249 1242 et
270 1215 452 1251 negotiorum
477 1223 599 1253 gestore.
649 1217 696 1245 An
719 1216 854 1251 quaedam
884 1214 972 1251 igitur
995 1219 1038 1241 est
1063 1212 1219 1241 differentia
1242 1212 1315 1242 inter
1336 1215 1410 1244 eos‘?
1439 1215 1585 1253 Omnino,
1614 1227 1726 1254 magna.

220 1264 395 1294 Procurator
416 1267 492 1295 enim
514 1268 631 1297 alterius
655 1267 770 1304 negotia
795 1275 855 1296 non
879 1263 1025 1301 suscipit,
1054 1263 1111 1292 nisi
1137 1264 1268 1293 mandato
1282 1286 1292 1300 ,
1320 1272 1369 1294 aut
1388 1266 1473 1303 jussu
1496 1267 1632 1304 Domini,
1662 1277 1727 1297 cum

220 1316 406 1351 negotiorum
430 1324 528 1354 gestor
551 1319 613 1347 sine
631 1320 763 1347 mandato
787 1318 869 1346 etiam
888 1315 1014 1346 absentis
1035 1314 1150 1351 negotia
1174 1316 1255 1351 gerit.
1303 1316 1355 1345 Per
1376 1326 1424 1346 eos
1447 1326 1564 1351 omnes,
1586 1319 1730 1354 quidquid

221 1364 293 1392 mihi
318 1367 455 1402 emerint,
477 1377 521 1396 me
544 1369 646 1397 habere
669 1368 862 1397 Publicianam
882 1367 1000 1395 affirmat
1022 1365 1103 1398 Lex3
1133 1372 1161 1392 at
1189 1374 1248 1394 non
1270 1367 1328 1401 ita,
1355 1373 1388 1394 ut
1410 1375 1460 1402 per
1479 1376 1598 1403 servos3
1628 1369 1729 1398 distin-

222 1414 366 1450 guendum
389 1421 444 1441 εει.
488 1418 542 1441 Per
561 1422 610 1442 eos
633 1419 704 1441 unm
725 1420 807 1442 uatus
824 1412 1009 1446 Publiciana,
1037 1412 1062 1439 si
1087 1420 1150 1440 meo
1171 1414 1286 1441 nomIne
1309 1416 1445 1452 emerintg.
1476 1426 1535 1446 non
1558 1419 1600 1446 uti
1625 1419 1658 1447 fit
1679 1428 1732 1455 per

218 1471 358 1498 servum,
378 1463 404 1491 si
419 1463 537 1499 proprio
559 1465 604 1492 vel
626 1464 718 1495 alieno
741 1463 858 1491 nomine
876 1462 1007 1490 emerint.
1053 1461 1141 1490 Ratio
1159 1462 1331 1492 differentiae
1358 1472 1417 1502 est,
1448 1469 1527 1502 quod
1545 1478 1656 1497 servum
1681 1470 1730 1497 ha-

226 1514 344 1542 beamus
365 1514 395 1542 in
414 1520 513 1543 nostra
535 1521 695 1551 potestate,
716 1523 853 1551 personae
875 1519 968 1542 autem
990 1519 1157 1541 memoratae
1179 1513 1237 1542 sint
1258 1515 1389 1544 homines
1412 1517 1508 1554 liberi,
1531 1519 1582 1554 qui
1601 1519 1665 1548 aliis
1683 1520 1726 1548 ni-

227 1565 269 1594 hil
290 1565 460 1602 acquirunt,
481 1566 538 1594 nisi
560 1574 593 1595 ex
615 1566 724 1601 officio,
746 1571 795 1594 aut
816 1564 932 1602 propria
957 1565 1123 1599 voluntate,
1146 1565 1228 1594 nullo
1247 1565 1311 1603 jure
1333 1573 1464 1604 cogente.

603 1668 635 1696 A
652 1669 680 1704 §.
702 1667 829 1696 Praetor
848 1669 892 1696 ait
921 1682 974 1690 —-
1000 1668 1029 1703 §.
1049 1666 1193 1702 Julianus
1213 1670 1339 1707 scripsit.

268 1767 387 1797 Transit
407 1770 550 1807 Ulpianus
570 1771 605 1799 ad
627 1772 740 1799 alteram
764 1770 860 1799 Edicti
878 1775 985 1805 partem
1005 1767 1219 1803 explicandam,
1242 1776 1314 1802 quae
1330 1770 1387 1804 agit
1403 1770 1438 1798 de
1450 1770 1530 1799 Bona
1546 1771 1636 1808 Fide,
1658 1781 1731 1808 quae

229 1818 260 1847 in
280 1819 415 1848 omnibus
437 1821 632 1850 contractibus
656 1823 791 1850 servanda
811 1827 865 1850 est.
897 1821 935 1847 L.
953 1818 1046 1855 31.ff.
1064 1818 1184 1855 depositi
1201 1826 1232 1845 ac
1252 1820 1413 1853 praesertim
1436 1822 1465 1850 in
1483 1823 1628 1852 Emtione.
1665 1823 1727 1860 Jam

229 1877 316 1904 supra
340 1871 510 1907 docuimus,
533 1881 592 1908 quo
613 1879 740 1909 tempore
759 1872 806 1900 illa
831 1870 990 1907 requiratur
1006 1869 1035 1897 in
1052 1874 1201 1896 contractu
1217 1868 1364 1907 Emtionis
1387 1871 1579 1902 venditionis.
1620 1873 1728 1910 Dispu-

228 1919 352 1949 tavimus
374 1929 472 1952 contra
491 1924 610 1952 aliorum
637 1924 807 1960 opiniones,
830 1931 887 1951 eam
913 1920 996 1949 etiam
1020 1926 1145 1955 tempore
1165 1919 1323 1948 Publiciani
1339 1925 1520 1953 neeessariam
1535 1933 1608 1954 esse.
1650 1924 1727 1952 Haec

231 1971 326 2003 omnia
343 1980 465 2011 repetere
485 1975 639 2006 absurdum
666 1975 752 2005 foret.
801 1974 876 2004 Illud
891 1979 983 2003 autem
1004 1971 1193 2006 monendum,
1223 1973 1358 2007 quasdam
1381 1975 1410 2010 §-
1438 1984 1454 2004 a
1478 1976 1562 2005 nobis
1583 1975 1726 2005 omissum

1073 2021 1098 2050 C
1121 2030 1138 2057 3
1672 2023 1729 2060 iti,
