1960 2500
156 167 188 174 w
626 163 1157 207 οιῑΑΤΙοιΙ
1600 179 1627 222 9

99 268 173 305 lam
191 265 381 312 certantis,
409 264 570 314 impulsu
586 272 620 300 et
639 264 810 300 instinctu
830 265 882 300 rei
899 266 985 301 talis
1003 275 1036 302 et
1055 275 1197 314 tantae,
1217 280 1441 319 quamquam
1467 271 1504 306 in
1525 272 1622 308 mul-

96 339 216 367 torum
240 337 326 364 tunc
345 327 654 377 reprehensionem
677 328 798 372 venit,
828 335 861 363 et
881 322 926 363 ab
955 329 1046 376 ipsis
1077 330 1157 376 ejus
1187 331 1422 378 auctoribus,
1451 345 1522 368 non
1548 335 1621 373 nisi

96 391 311 427 abhorrente
340 399 373 426 et
399 389 599 425 reluctante
634 388 880 435 humanitate,
910 392 1047 439 suscipi
1075 393 1214 439 potuit,
1252 402 1397 442 captum
1429 403 1461 430 et
1490 395 1535 431 ad
1570 396 1619 432 ef-

94 454 229 489 fectum
250 452 445 488 adductum
469 463 548 486 esse
564 451 777 497 consilium,
798 465 1095 503 unamquamque
1125 467 1200 489 rem
1228 456 1431 491 aestimanti
1459 446 1618 494 momenss

91 523 204 563 toque
233 527 300 549 suo
326 514 540 562 ponderanti
566 513 675 548 facile
701 513 895 561 persuadet
923 524 1084 552 eventus.
1134 516 1319 552 Nimirum
1342 517 1524 566 inopinata
1548 519 1616 557 hac

94 583 193 612 tanta
219 588 340 611 rerum
366 575 599 611 conversione
618 584 650 611 et
674 577 832 612 omnium
854 578 1013 614 maxima
1029 579 1196 625 jactura,
1226 578 1297 614 Dei
1326 580 1395 615 ille
1413 588 1522 629 atque
1548 581 1612 618 ho·

92 639 230 674 minum
250 639 608 691 contemtorlmagnis
627 638 757 674 excidit
787 639 901 676 ausis.
954 639 1030 675 Res
1056 653 1217 676 summas
1242 640 1378 677 nefarie
1408 650 1616 679 consectan-

90 702 143 746 ti,
173 709 206 736 et
224 709 394 748 tanquam
417 700 460 734 de
480 712 518 734 re
539 700 698 736 confecta
719 708 752 736 et
772 700 939 737 absoluta
956 703 1065 752 impie
1090 704 1260 751 glorianti
1289 712 1397 752 atque
1423 707 1613 746 exsultan-¹

88 763 118 798 'ti
139 761 274 797 homini
294 762 608 810 petulantissimo,
629 764 775 798 numine
789 764 913 799 divino
927 792 937 808 ,
959 765 1096 800 furoris
1118 765 1290 812 injectum
1310 765 1540 811 estsrenum,
1554 777 1607 815 et,

88 836 197 873 quem
222 823 324 858 nulia
353 826 409 860 vis
436 824 593 860 humana
632 826 825 873 reprimere
852 835 1015 874 poterat,
1054 827 1151 863 hunc
1180 828 1326 863 dextera
1357 831 1611 877 omnipotentis

86 886 160 922 Dei
179 898 249 925 non
267 886 373 921 modo
392 887 571 932 coercuit,
603 888 666 922 sed
689 888 731 923 de
753 902 914 934 summo,
945 889 990 924 ad
1017 890 1115 937 quod
1142 891 1297 926 secunda
1322 891 1467 926 fortuna
1487 905 1610 928 escen-

85 949 209 993 derat,
238 948 385 996 fastigio
402 948 510 996 plane
527 948 748 986 deturbavit.
804 952 1008 987 immensus
1034 952 1108 998 jam
1137 953 1519 988 exercitatissimorum
1540 955 1608 990 mi-

83 1011 192 1047 litum
223 1011 435 1045 interfectus
471 1019 547 1046 erat
574 1025 772 1057 numerus,
811 1012 950 1048 infinita
978 1013 1163 1061 deperdita
1189 1013 1278 1049 belli
1302 1014 1540 1050 instrumenta
1575 1023 1608 1052 et

84 1074 202 1110 omnis
221 1073 363 1119 generis
381 1084 480 1107 arma
493 1100 505 1116 ,
536 1074 731 1109 universus
751 1077 930 1111 exercitus
948 1076 1197 1112 miserandum
1221 1077 1259 1112 in
1277 1076 1428 1112 modum
1455 1075 1609 1114 afflictus

83 1143 118 1171 et
144 1131 374 1180 defatigatus.
434 1132 479 1168 ln
508 1145 704 1183 permagna
735 1136 802 1171 illa
843 1138 1077 1186 omniumque
1109 1138 1288 1173 bonorum
1319 1136 1483 1173 affluente
1518 1138 1610 1174 urbe

82 1195 240 1234 Russica
257 1207 342 1230 mox
367 1195 501 1243 quietis
529 1204 563 1232 et
586 1198 867 1247 tranquillitatis
888 1200 992 1236 loeus
1014 1199 1092 1235 fore
1120 1199 1358 1246 credebatur,
1387 1207 1420 1235 et
1444 1200 1518 1247 jam
1542 1199 1609 1238 diu

81 1258 155 1294 hac
181 1265 279 1293 tanta
301 1269 364 1306 spe
382 1266 416 1294 et
438 1266 548 1294 semet
566 1259 645 1307 ipse
661 1260 882 1308 lactaverat,
912 1270 945 1298 et
964 1262 1076 1310 copiis
1095 1262 1174 1297 suis
1194 1263 1350 1299 omnium
1375 1261 1545 1298 laborum
1565 1275 1607 1298 ac

79 1320 313 1355 miseriarum
331 1317 533 1356 uberrimos
552 1321 591 1357 in
609 1321 679 1359 hac
695 1324 776 1372 ipsa
800 1324 884 1360 sede
905 1326 1177 1374 exoptatissima
1205 1325 1404 1373 carpendos
1425 1324 1605 1360 confiden-

78 1390 138 1419 ter
163 1381 353 1429 pollicitus
385 1391 462 1418 erat
493 1383 649 1421 fructus.
703 1385 893 1435 occupata
929 1388 1022 1424 urbe
1050 1388 1232 1424 contraria
1261 1388 1380 1423 omnia
1419 1394 1608 1434 apparenn

80 1444 213 1480 inanes
239 1456 362 1479 omnes
393 1444 510 1480 fuisse
533 1446 816 1493 pollicitationes
844 1451 1100 1499 unusquisque
1124 1450 1229 1485 miles
1250 1457 1283 1484 et
1304 1449 1465 1484 centurio
1486 1448 1602 1496 perci-

81 1506 157 1554 pit,
186 1514 219 1540 et
247 1507 489 1542 vanissimum
507 1508 790 1555 promissorem,
808 1523 927 1559 quem
947 1512 1121 1547 stultitiae
1141 1524 1228 1547 suae
1246 1524 1315 1546 non
1342 1511 1460 1546 solum
1480 1511 1600 1559 piget,

80 1567 145 1603 sed
164 1567 270 1602 etiam
287 1567 420 1614 pudet,
448 1567 540 1602 diris
556 1568 719 1606 devovet.
774 1571 861 1615 Quo
889 1586 968 1608 eum
1000 1573 1126 1608 furore
1155 1581 1359 1620 correptum
1391 1573 1507 1607 fuisse
1529 1585 1601 1620 pu·-

78 1629 188 1674 tatis,
217 1630 263 1665 A.
282 1629 329 1665 Α.
360 1640 476 1676 quum
506 1630 564 1666 vel
595 1631 646 1666 sie
676 1639 817 1679 tamen,
854 1636 994 1670 nemine
1032 1636 1270 1682 superstitum
1301 1634 1501 1670 incolarum
1539 1641 1603 1670 aut

80 1698 228 1739 rogante
253 1698 316 1725 aut
335 1690 582 1738 approbante,
609 1707 765 1730 vacuam
784 1703 818 1731 et
836 1696 973 1731 nudam
994 1696 1122 1732 urbem
1149 1698 1360 1746 ingressus,
1389 1704 1423 1732 et
1450 1696 1600 1731 calami-

78 1753 302 1789 tosissimum
326 1765 447 1787 rerum
468 1762 599 1790 statum
619 1769 740 1792 coram
758 1757 924 1803 intuens,
953 1771 1062 1806 quem
1087 1759 1161 1806 jam
1188 1759 1253 1795 diu
1279 1752 1511 1806 cupidissime
1534 1770 1600 1805 ap-

81 1815 266 1863 petiisset,
293 1814 517 1862 triumphum
536 1818 734 1866 inglorium
753 1832 906 1867 prorsus
923 1828 957 1855 et
974 1821 1117 1856 inanem
1139 1834 1239 1865 esse,
1271 1820 1572 1855 animadverteret
1582 1819 1600 1856 ¹?

82 1876 152 1911 Sed
170 1877 275 1925 longe
298 1876 420 1923 majus
441 1880 591 1914 accessit
613 1880 863 1917 infortunium.
917 1881 1026 1925 Quas
1043 1882 1204 1929 primum
1228 1895 1360 1930 parum
1386 1889 1600 1926 curaverat,

80 1951 104 1972 e
130 1938 332 1983 succensis,
359 1951 403 1974 ne
429 1939 464 1974 in
495 1940 654 1976 hostium
679 1955 810 1978 manus
837 1943 1057 1988 inciderent,
1086 1944 1344 1980 commeatibus
1373 1951 1600 1990 erumpentes

83 1997 271 2044 flammas,
298 2001 431 2038 sensim
466 2004 641 2040 adauctas
677 2017 720 2040 ac
751 2003 928 2052 diffusas,
966 2018 1089 2043 rerum
1122 2006 1363 2044 humanarum
1394 2005 1601 2039 moderator

879 2068 910 2104 B
1495 2063 1600 2102 Deus
