1940 2474
279 164 300 210 ·’4
547 152 1129 209 πίὲΝἳῘώΗΕζουήὸΜ
1193 148 1522 212 ii'ErieMjirn

283 259 431 296 pasianum
460 257 627 292 Caesarem,
650 257 679 285 id
700 264 761 293 est,
788 259 822 286 ab
848 265 921 287 anno
945 258 1032 286 Urbis
1051 258 1183 287 conditae
1203 262 1258 295 489
1279 266 1372 294 usque
1392 259 1427 287 ad
1449 267 1553 287 annum
1579 262 1652 296 832,
1675 259 1734 289 sive
1754 260 1795 289 ab

284 318 358 339 anno
383 315 450 337 ante
477 312 605 338 nostram
629 310 740 337 Aes-am
762 311 817 345 265
850 318 943 345 usque
968 310 1007 338 ad'
1028 317 1132 338 annum
1160 317 1275 339 nostrae
1299 311 1397 339 Acrae
1419 318 1475 347 793
1506 311 1691 347 continetque
1718 311 1792 340 adeo

285 361 412 398 spatium
435 369 585 392 annorum,
602 359 715 389 circiter
732 362 947 399 quinquaginta
967 367 994 389 ct
1015 367 1219 391 trecentorum.

966 450 1017 486 *§-
1059 459 1089 478 2.

810 538 990 567 Distributio
1013 538 1098 574 bajas
1119 539 1264 576 temporis.

320 614 419 652 Hujus
439 622 532 646 autem
553 616 690 651 temporis
709 615 795 652 spatii
817 615 983 651 dividendi,
1013 615 1202 652 ipsorumque
1224 614 1397 643 Latinorum
1415 615 1615 652 Scriptorum,
1643 615 1692 650 qui
1715 614 1744 643 in
1762 621 1797 643 eo

281 667 458 701 floruerunt,
481 667 741 696 distribuendorum
763 675 821 695 non
843 675 899 695 una
920 673 963 695 est
989 667 1081 703 ratio3
1105 675 1198 702 neque
1220 666 1270 702 qui
1289 666 1449 695 universam
1476 667 1589 703 linguae
1606 666 1726 694 Latinae
1741 665 1801 694 his·

285 718 385 746 toriam
412 718 611 754 scripserunt,
641 719 738 746 eodem
766 726 868 746 omnes
891 719 981 747 modo
1008 718 1040 746 in
1069 718 1190 746 diversis
1214 719 1277 754 ejus
1304 718 1485 754 temporibus
1515 718 1726 747 constituendis
1752 716 1801 745 usi

282 778 363 798 sune.
404 769 464 797 Alii
486 770 559 798 enim
582 769 701 798 Latinae
723 770 855 805 linguae,
882 770 965 805 quasi
988 770 1125 798 humanae
1152 769 1243 804 vitae,
1266 770 1357 797 varias
1380 776 1484 798 aetates
1506 769 1710 798 distinxerunt.
1752 767 1801 796 In-

276 821 431 857 famiam,
453 820 639 855 Pam-itiam,
662 820 911 855 Adolescentiam,
934 820 1058 848 Virilem
1086 827 1229 855 aetatem,
1253 821 1449 849 Senectutem:
1471 821 1534 855 alii,
1565 819 1730 848 Latinitatis
1750 819 1799 849 ha-

283 872 341 900 bita
363 872 491 907 ratione,
520 871 643 900 Latinos
659 872 837 907 Scriptores,
859 872 1016 899 secundum
1037 871 1183 900 Orationis
1204 872 1349 907 pretium,
1372 872 1578 900 distribuerunt
1592 872 1620 900 in
1638 871 1800 907 Scriptores

284 925 392 951 aetatis
416 923 554 957 Aureae,
585 923 769 961 Argenteae,
800 923 932 957 Aeneae,
959 923 1103 957 Ferreae,
1130 922 1262 956 Lunae,
1290 929 1361 951 caet.
1409 922 1460 951 Cf.
1483 923 1656 957 Harlesius,
1687 921 1801 950 IntroeL

284 976 316 1002 in
337 974 414 1002 Hist.
438 975 633 1003 Literamrae
654 975 823 1010 Romanae,
845 974 878 1002 P.
896 974 920 1002 Ι.
942 974 1074 1009 Prolegg.
1099 973 1176 1001 Sect.
1195 973 1218 1001 Ι.
1247 974 1275 1009 §.
1294 981 1339 1009 15.
1362 983 1392 1009 p.
1414 981 1467 1009 152
1487 983 1533 1009 sq.
1579 973 1673 1002 Lectu
1695 972 1804 1010 dignis-

282 1025 354 1054 sima
376 1032 464 1061 sunt,
488 1034 560 1061 quate
579 1027 612 1055 de
632 1027 675 1054 his
699 1026 879 1061 Scriptorum
902 1025 1073 1053 Latinorum
1097 1024 1128 1053 in
1148 1024 1240 1052 varias
1262 1025 1370 1053 classes
1390 1025 1607 1062 redigendorum
1633 1024 1726 1053 modis
1742 1025 1808 1053 bre·

281 1076 375 1111 viter,
399 1078 449 1105 sed
470 1077 597 1114 egregie,
621 1077 782 1113 disputavit
806 1077 843 1113 J.
866 1077 1067 1111 Facciolatas,
1085 1076 1114 1104 in
1137 1075 1374 1103 commentariolo
1395 1077 1429 1106 de
1446 1077 1538 1113 Ortu,
1560 1078 1688 1105 Interim
1712 1082 1739 1104 et
1756 1075 1805 1104 In·

279 1130 466 1156 stam-atione
490 1129 626 1167 Linguae
654 1129 798 1157 Latinae.
830 1129 881 1164 qui
906 1128 1045 1164 reperitur
1076 1127 1149 1155 inter
1179 1126 1332 1155 Orationes
1357 1129 1417 1165 ejus
1446 1128 1535 1156 editas
1563 1127 1700 1164 Lipsiae,
1729 1134 1810 1156 anno

276 1187 374 1219 ,¹751·
404 1189 439 1216 p.
454 1189 486 1216 19
501 1197 523 1200 —
540 1190 589 1217 43.
639 1181 716 1210 Huic
738 1180 825 1217 igitur
848 1179 919 1209 Viro
945 1178 1136 1213 doctissimo,
1165 1186 1198 1206 ex
1222 1178 1276 1213 iis,
1307 1179 1356 1214 qui
1382 1179 1513 1216 Linguae
1536 1179 1655 1208 Latinae
1675 1186 1804 1215 tempora

282 1230 375 1260 veluti
395 1231 522 1260 hominis
544 1232 631 1261 vitam
656 1231 854 1266 distribuunt,
877 1230 917 1258 illi
940 1230 1058 1260 maxime
1082 1229 1223 1267 probandi
1244 1230 1396 1265 videntur,
1428 1230 1477 1266 qui
1501 1230 1664 1267 Infantiam
1686 1231 1748 1268 eJus
1769 1230 1806 1258 ad

280 1281 324 1315 Δ.
347 1281 387 1310 U.
411 1290 486 1318 514,
511 1292 570 1318 quo
597 1283 719 1319 primum
742 1283 846 1311 Livius
868 1282 1054 1311 Andronicus
1083 1282 1209 1310 fabulam
1237 1282 1333 1316 dedit,
1360 1282 1540 1317 perducunt:
1565 1282 1664 1312 deiude
1684 1281 1804 1309 Adoles-

277 1324 409 1372 :sentiam
434 1334 495 1370 ejus
522 1335 676 1363 constituit
700 1334 734 1363 ab
761 1343 793 1362 eo
815 1341 942 1369 tempore
964 1341 1057 1368 usque
1081 1334 1115 1361 ad
1139 1333 1323 1361 Ciceronem:
1355 1338 1416 1359 tum
1438 1332 1560 1360 Vir-[lem
1583 1332 1718 1360 Aetatem
1741 1331 1806 1360 inde

286 1392 379 1420 usque
396 1385 429 1413 ad
447 1385 615 1414 Tiberium:
640 1386 762 1421 denique
780 1378 949 1413 senectutem
971 1392 1063 1420 usque
1079 1385 1113 1412 ad
1136 1385 1253 1412 alterum
1275 1383 1469 1411 Antoninum.
1510 1383 1581 1412 Eam
1607 1383 1630 1412 si
1651 1391 1805 1419 sequamur

286 1435 445 1471 rationem,
476 1437 536 1472 ejus
567 1437 704 1472 temporis
729 1436 833 1472 spatii,
861 1436 894 1463 de
918 1443 977 1469 quo
997 1443 1057 1463 ‘nos
1085 1435 1191 1462 dicturi
1219 1443 1340 1469 sumus,
1369 1434 1497 1469 quinque
1521 1441 1548 1462 et
1570 1434 1675 1470 viginti
1697 1434 1807 1470 priores

286 1487 352 1516 anni
377 1489 411 1515 ad
431 1487 562 1523 Linguae
584 1487 734 1516 Infantiam
758 1486 957 1523 pertinebunt:
989 1486 1088 1514 deinde
1114 1492 1273 1521 sequentur
1294 1485 1514 1520 Adolescentia,
1544 1485 1643 1513 Virilis
1669 1486 1756 1514 Aetas
1779 1490 1808 1513 et

288 1539 368 1575 prior
395 1538 557 1567 Senectutis
579 1547 656 1574 pars.
702 1539 753 1566 Sin
782 1545 876 1566 autem
906 1538 990 1566 altera
1020 1536 1086 1571 illa,
1116 1538 1150 1565 de
1181 1545 1239 1572 qua
1267 1537 1410 1571 diximus,
1442 1537 1646 1565 distributione
1673 1543 1806 1571 utamur,

287 1597 408 1626 eamque
436 1591 470 1618 ad
494 1589 668 1625 Facciolati,
699 1589 747 1625 qui
774 1590 802 1618 in
826 1589 1018 1625 scriptoribus
1041 1589 1219 1616 recensendis
1244 1588 1305 1625 ipse
1325 1597 1355 1617 ca
1379 1596 1451 1617 usus
1476 1594 1537 1623 est,
1567 1589 1691 1617 rationes
1715 1588 1810 1625 exiga-

295 1648 380 1676 mus,
410 1641 447 1669 ita
470 1648 502 1669 ut
523 1641 626 1670 Aurea
648 1641 738 1669 Aetas
759 1641 896 1677 pertineat
923 1641 986 1669 inde
1013 1640 1046 1668 ab
1068 1641 1105 1668 A.
1125 1640 1163 1668 U.
1183 1647 1237 1676 514
1261 1649 1352 1676 usque
1373 1641 1407 1668 ad
1425 1649 1529 1668 annum
1553 1640 1619 1676 767.
1642 1640 1680 1668 N.
1696 1639 1733 1668 A.
1755 1647 1807 1674 14,

291 1694 444 1731 Argcmca
469 1702 534 1721 vero
561 1692 624 1721 inde
650 1702 741 1728 usque
770 1693 804 1720 ad
828 1700 933 1720 annum
955 1692 995 1719 N.
1019 1692 1055 1720 Λ.
1084 1701 1153 1727 ¹173
1185 1697 1243 1720 tota
1269 1693 1347 1720 cadet
1375 1691 1403 1720 iu
1428 1698 1560 1720 nostrum
1585 1698 1698 1727 teinpus
1721 1690 1808 1719 Aetas

292 1744 386 1774 Aurea
407 1753 471 1773 cum
497 1752 574 1781 parte
592 1745 758 1781 Argenteae.
802 1743 897 1771 Nobis·
920 1744 1033 1778 quidem
1056 1743 1200 1778 posterior
1224 1743 1269 1771 illa
1291 1743 1362 1771 ratio
1385 1743 1479 1772 minus
1506 1743 1653 1779 probanda
1676 1743 1808 1778 videtur,

293 1805 380 1831 cuin,
410 1797 434 1824 si
455 1805 485 1824 ea
513 1796 619 1831 utaris,
651 1797 812 1832 Scriptores
843 1795 956 1831 linguae
979 1796 1090 1823 cultura
1116 1802 1142 1822 ct
1165 1795 1301 1830 elegantia
1327 1796 1446 1823 multum
1473 1803 1487 1823 a
1508 1803 1538 1823 se
1559 1794 1680 1823 invicem
1703 1793 1808 1822 diversi

294 1848 393 1876 eodem
418 1848 483 1875 loco
506 1855 666 1883 ponanturg
689 1848 778 1875 veluti
802 1856 834 1875 cx
852 1846 978 1882 antiquis
1003 1846 1337 1882 LiviusAntIronicus,
1360 1847 1508 1882 Naevius,
1531 1846 1663 1880 Ennius,
1681 1855 1747 1875 cnm
1768 1853 1809 1874 re-

295 1899 473 1927 centioribus
498 1907 525 1927 ct
550 1899 756 1935 politioribus,
787 1898 942 1933 Terentio,
973 1898 1113 1934 Virgilio,
1142 1898 1279 1933 Ilm-atio,
1305 1900 1442 1927 adunam
1468 1899 1650 1933 eamdemque
1683 1899 1807 1927 Auream

293 1950 422 1979 Aetatem
449 1950 619 1979 reseruntur.
662 1952 757 1988 Magis
781 1952 876 1987 itaque
901 1950 1020 1986 priorem
1049 1950 1202 1986 probamus
1224 1950 1478 1985 distributionem3
1503 1951 1540 1978 ita
1565 1957 1675 1984 tamen,
1698 1957 1730 1978 ut
1749 1957 1809 1978 eam

297 2010 357 2032 non
380 2002 471 2031 simus
496 2003 641 2039 secuturi,
670 2004 717 2032 sed
746 2004 806 2041 ejus
830 2002 962 2040 vestigiis
992 2002 1159 2033 insistentes
1185 2009 1280 2033 totum
1312 2003 1387 2040 hoc,
1417 2002 1497 2039 quod
1521 2002 1699 2032 tractandum
1731 2008 1810 2030 sum·

1774 2059 1813 2079 si-
