1940 2474
267 173 330 200 22-
503 165 540 194 n.
607 163 641 194 c.
710 170 822 191 viu
891 142 995 190 {ren
1062 157 1238 189 Boon
1304 156 1553 200 meson,

276 252 468 290 oxygeninm3
499 250 556 279 hoc
578 248 651 277 enim
677 252 804 284 possunt
828 253 859 275 ut
884 246 979 283 pisces
1001 253 1035 274 ex
1057 244 1196 274 ambiente
1221 252 1382 282 organaque
1409 245 1589 283 respiratoria
1613 245 1797 286 transgressa*

272 313 348 340 aqua
369 311 528 337 assumere,
551 301 628 329 sicut
650 300 878 338 Spallanzanius
900 293 1019 334 quoque
1045 296 1198 333 probavit;
1224 305 1310 333 quare
1333 306 1451 333 quoque
1473 297 1511 326 ita
1532 304 1603 327 sunt
1632 300 1798 337 dispositae·

278 354 448 390 branchiae,
478 360 511 382 ut
536 353 586 380 has
605 360 678 387 aqua
702 351 736 379 ab
756 350 835 379 omni
858 355 937 386 parte
956 349 1059 384 alluat9
1089 354 1121 377 ut
1142 349 1282 385 praeclare
1303 348 1469 378 observavit
1488 349 1704 388 Lamarcleius,
1729 351 1789 381 dis-·

278 405 413 442 tinguens
430 404 494 434 ideo
517 403 668 433 branchias
686 402 815 431 a'e'riferas
836 401 870 429 ab
893 400 1044 437 aquaticis.

973 478 1002 514 §.
1047 486 1091 514 17.

290 559 400 598 iQuae
433 560 604 595 sequuntur*
631 558 763 587 animalia
784 556 936 586 ‘branchiis
969 555 1037 585 lIcet
1064 561 1193 592 careant,
1223 562 1310 593 atque
1338 563 1394 592 ope
1420 556 1597 586 trachearum
1633 557 1790 594 respirent,

278 612 445 640 adsciscunt
475 617 570 640 tamen
594 610 787 648 oxygenium3
819 609 898 645 quod
921 607 1035 643 quidem
1061 607 1104 635 his
1129 607 1168 635 ita
1188 617 1255 637 xnon
1285 608 1476 637 necessarium
1499 608 1629 637 videtur:
1659 609 1802 638 obsewa-'

278 656 340 691 tum
364 663 439 692 enim
456 670 520 699 est,
544 663 573 692 in
598 672 690 692 vacuo
713 663 800 691 vitam
824 659 1132 696 sustentarejinsecta,
1161 668 1253 695 neque
1274 659 1319 688 his
1344 661 1433 690 aerem
1462 668 1565 689 nocere
1593 660 1693 689 multis
1716 661 1796 689 hete-

278 715 410 752 rogeneis
434 716 594 752 repletum..
617 714 687 750 quin
710 714 848 743 nonnulla
870 713 977 742 insecta
1005 712 1093 740 istum
1123 717 1216 747 petere
1236 712 1338 750 (29),
1367 712 1467 740 multis
1496 711 1620 748 putridis
1642 711 1797 740 exhalatio*

278 765 387 802 nibus,
417 767 569 801 multoque
591 775 643 803 gaz
670 766 754 795 acido
777 765 950 799 carbonieo,
982 770 1162 793 venenatum.
1209 764 1345 793 Probavit
1373 763 1483 792 interim
1515 764 1564 792 Cl.
1595 763 1794 801 Vauquelinus

281 817 392 846 insecta
413 826 507 849 revera
529 817 701 854 oxygenium
723 817 776 845 a’t‘ri
796 816 1035 852 Atmosphaerico
1056 816 1175 844 demere.

294 885 296 887 >
317 868 454 904 Gryllum
485 869 570 905 (30)
602 867 811 896 viridissimum
848 867 877 896 in
899 867 1028 904 cylindro
1051 876 1103 904 gaz
1127 868 1260 905 oxygenii
1289 866 1332 896 VI
1361 867 1520 904 pollicibus
1544 866 1656 896 cubicis
1679 865 1796 902 'repleto

279 919 414 949 inclusit:
439 919 599 948 octodecim
623 920 702 948 horis
726 920 830 956 clapsis
849 919 957 948 invenit
973 917 1110 955 Gryllum
1133 919 1311 955 extinctum,
1336 925 1364 947 et
1386 928 1438 955 gaz
1461 919 1634 955 oxygenium
1651 919 1796 953 deletum,

277 971 398 1008 ejusque
419 972 485 1000 loco
508 972 701 1002 substitutum
726 981 778 1009 gaz
802 974 914 1002 acidum
946 972 1143 1001 carbonicum.
1190 970 1293 999 Posuit
1322 970 1458 1006 Gryllum
1488 969 1517 998 in
1540 969 1608 998 VIII
1629 970 1703 1006 poll.
1727 969 1796 998 cub.

277 1023 348 1052 aeris
371 1023 623 1061 Atmosphaerici‚
647 1024 676 1053 in
701 1033 759 1060 quo
783 1025 823 1054 VI
847 1025 931 1053 horas
954 1024 1027 1053 vixit
1049 1023 1172 1052 animal:
1201 1022 1283 1051 acido
1317 1022 1472 1051 carbonico
1495 1028 1591 1050 autem
1616 1029 1690 1057 aqua
1711 1021 1800 1049 calcis

278 1071 406 1102 detracto
429 1074 458 1102 in
481 1081 589 1103 caetero
613 1075 673 1104 aere
695 1076 791 1103 lumen
815 1076 945 1104 candelae
968 1075 1126 1104 extinctum
1151 1074 1223 1103 vidit
1247 1073 1457 1112 Vaaquelinus,
1506 1073 1588 1112 Quae
1608 1072 1800 1109 experimenta

277 1132 344 1152 cum
367 1131 504 1161 repeteret
521 1125 576 1154 Vir
596 1126 676 1155 Clar.
699 1134 810 1163 semper
830 1128 948 1155 eundem
970 1133 1101 1155 eventum
1125 1125 1263 1154 obtinuit.

296 1175 469 1204 'Caeterum
500 1177 568 1206 licet
601 1178 730 1207 tracheae
752 1178 837 1215 (31)
866 1177 896 1206 in
925 1177 1104 1213 amplissima
1134 1178 1317 1206 insectorum?
1337 1176 1431 1206 classe
1460 1176 1584 1204 multum
1614 1175 1744 1204 differant
1772 1181 1802 1203 et

279 1226 474 1262 dispositione
497 1235 524 1257 et
547 1237 685 1265 numero,
709 1229 739 1258 in
761 1238 794 1258 eo
811 1235 903 1258 tamen
920 1229 1074 1258 convenire
1088 1230 1240 1265 videntur,
1262 1230 1288 1258 si
1304 1230 1338 1258 ad
1361 1236 1496 1258 caeteram
1516 1227 1648 1265 corporis
1671 1232 1800 1256 structu-

277 1285 337 1305 ram
359 1285 389 1307 et
414 1280 449 1308 ad
471 1279 560 1316 ipsam
591 1282 767 1310 trachearnm
797 1281 933 1311 fabricam
957 1279 1157 1315 attendamus‚'
1187 1287 1217 1309 ut
1239 1281 1294 1310 hoc
1324 1280 1513 1318 oxygenctico
1543 1279 1688 1316 principio
1711 1278 1803 1307 omni-

280 1328 337 1357 bus
357 1330 447 1367 magis
470 1331 603 1361 minusve
625 1342 699 1369 opus
722 1333 771 1362 sit.

315 1381 377 1417 Jam
401 1391 469 1412 vero
493 1383 560 1412 haec
582 1385 759 1413 trachearum
784 1391 928 1413 structura
958 1393 1018 1413 non
1041 1390 1153 1412 tantum
1178 1384 1207 1411 in
1231 1383 1418 1412 Arachnidcis
1434 1378 1477 1410 est
1499 1380 1726 1418 perfectissima,
1753 1380 1804 1408 veh·

281 1440 346 1462 rum
372 1432 423 1461 has
451 1435 579 1464 tracheas
611 1436 825 1465 determinatam
857 1436 989 1472 corporis
1017 1443 1125 1471 partem
1149 1435 1178 1464 in
1200 1435 1319 1464 Araneis
1349 1442 1377 1462 et
1406 1433 1618 1470 Scorpionibus
1644 1439 1804 1467 occupare,

282 1492 344 1514 non
366 1484 405 1514 ita
427 1485 512 1523 (32)
539 1487 569 1515 in
590 1487 728 1523 insectis,
753 1489 984 1517 demonstrarunt
1013 1487 1062 1515 Cl.
1090 1487 1242 1517 Caewierills
1264 1492 1291 1514 et
1319 1486 1535 1520 LamarcMzzs,
1565 1483 1730 1521 praeprimis
1753 1482 1803 1511 Cl.

284 1536 485 1573 Trevc'ramcs,
516 1538 566 1574 qui
588 1539 832 1569 accuratissimam
865 1538 1084 1568 subtilissimam
1108 1545 1134 1566 et
1156 1537 1374 1574 pulcherrimam
1396 1535 1641 1566 Arachnideornm
1667 1532 1805 1564 anatomi-

284 1596 348 1616 cam
370 1589 448 1617 dedit
470 1589 710 1626 descriptionem:
733 1592 846 1621 scilicet
869 1591 1075 1620 demonstravit
1093 1590 1141 1618 Cl.
1164 1589 1189 1617 T
1188 1591 1342 1619 reris-amis
1362 1589 1459 1627 (33),
1482 1589 1512 1616 in
1530 1586 1717 1616 Arachnideis
1739 1594 1808 1627 qua-

285 1646 354 1669 tuor
379 1640 510 1678 stigmata
540 1648 653 1672 externe
682 1650 777 1679 aperta
804 1643 882 1671 intus
912 1642 1016 1671 ducere
1045 1643 1081 1671 ad
1110 1641 1232 1679 pulchre
1255 1641 1418 1677 explanatas
1446 1640 1597 1669 branchias
1614 1660 1625 1675 ,
1653 1645 1739 1673 atquc
1766 1636 1806 1665 ita

1723 1688 1810 1718 Scor-

303 1797 382 1826 -(29)
397 1795 474 1817 Amat.
495 1795 519 1817 de
538 1795 629 1824 Chii-ie,
650 1798 716 1820 Tom.
730 1797 803 1820 XXIX.
826 1801 875 1824 pag.
894 1801 942 1824 ¹49.
964 1800 987 1817 et
1008 1794 1100 1817 Ριοιγιη
1120 1799 1144 1823 ep
1160 1794 1302 1818 vmchillande
1320 1798 1398 1816 saonen
1415 1799 1455 1817 van
1475 1791 1557 1821 Luem,
1577 1792 1625 1815 dour
1642 1791 1668 1820 J.
1693 1790 1812 1818 Panno,

290 1835 355 1868 Tem.
370 1836 387 1857 l.
404 1843 419 1864 p
440 1841 486 1862 131.
504 1838 524 1866 ς.
540 1837 590 1864 176.

290 1899 294 1904 .
319 1871 384 1904 (30)
399 1878 519 1901 Schetkund.
536 1879 635 1908 Bimae„
650 1881 715 1902 Tom.
729 1880 756 1902 u.
773 1885 823 1907 pag.
837 1878 965 1904 ¹6³-172·

306 1918 389 1947 ⁷13¹)
405 1919 456 1942 Vid.
473 1922 496 1943 C.
515 1921 607 1949 Buram,
624 1922 766 1949 anchouwtng
781 1921 817 1942 der
831 1921 933 1948 Νικαιαν,
949 1922 1014 1943 Tom.
1026 1919 1054 1941 11.
1071 1925 1094 1946 p.
1111 1918 1240 1944 163—-172,

323 1959 391 1988 (12)
407 1961 523 1989 Lanarek,
539 1963 603 1985 Tom.
617 1964 634 1984 1.
651 1970 674 1990 p.
692 1965 740 1985 180.

323 2000 387 2029 (33)
403 2002 458 2024 Uber
470 2003 509 2024 dm
522 2004 595 2025 damn
606 2005 653 2026 Bau
665 2004 701 2026 der
713 2003 845 2026 drachmam
860 2009 898 2025 von
915 2004 942 2025 G.
958 2004 988 2025 R.
1001 2003 1138 2029 rnatum,
1155 2001 1218 2023 1812.
1235 2006 1258 2028 p·
1271 2005 1284 2026 7
1300 2005 1362 2028 seqq.
1407 1997 1412 2002 “
