1960 2500
683 137 1204 196 LECTIONUM.
1638 164 1681 200 13

341 258 536 293 Medicinam
555 254 713 287 forensem
733 253 850 290 tradet,
875 253 988 285 diebus
1012 257 1121 287 Lunae
1143 263 1172 287 et
1191 257 1365 297 Mercurii,
1388 260 1467 291 hora
1480 261 1505 294 Ῐ.

209 315 252 346 Α.
275 313 423 350 ΥΡΕΥ,
449 308 665 352 Pathologiam
691 303 863 351 explicabit
880 306 994 338 diebus
1022 310 1150 346 Lunae,
1177 309 1312 350 Martis,
1339 312 1494 344 Mercurii
1523 320 1554 345 et
1578 314 1679 353 Jovis‚

275 366 353 397 hora
371 365 426 398 IX.

341 418 496 461 Hyberno
521 423 681 457 tempore,
708 412 820 444 iisdem
845 411 975 449 diebus,
999 412 1077 462 hora
1093 415 1162 446 ΧΠ.

292 470 295 477 “
340 471 527 512 Ther-apium
548 466 741 506 Morborum
752 468 932 497 Acutorum
947 466 1065 515 tradet,
1084 478 1159 499 cum
1177 469 1326 500 exercitio
1344 471 1379 500 in
1396 471 1588 502 Nosocomio
1605 472 1681 502 Aca-

276 525 417 560 demico,
443 520 555 551 diebus
580 517 711 549 Veneris
737 523 767 557 et
794 518 944 556 Saturni,
969 518 1050 550 hora
1067 521 1111 551 Xl
1133 527 1163 551 et
1189 521 1213 553 Ι.

271 576 468 610 Medicinam
491 571 654 614 politicam
676 577 815 614 exponet
835 571 948 603 diebus
972 573 1081 603 Lunae
1108 580 1138 604 et
1162 574 1308 613 Saturni,
1331 575 1409 606 hora
1424 577 1510 608 Vlll.

597 706 714 743 FAC
731 707 932 745 ULTAS
982 708 1303 762 JURIDICA.

210 841 249 870 D,
273 838 313 868 G,
336 844 358 865 v
366 843 417 864 AN
442 840 521 861 nen
543 831 780 868 KEESSEL‚
809 838 967 874 quatenus
999 841 1056 872 per
1083 837 1214 864 aetatem
1241 834 1389 877 viresque
1417 834 1540 874 licebit,
1569 833 1681 866 selecta

276 887 361 920 Juris
382 885 519 916 Romani
541 886 738 916 controversi
757 886 860 928 capita
881 883 1009 916 duobus
1027 885 1190 928 prioribus
1211 883 1420 919 hebdomadis
1444 887 1557 919 diebus
1571 894 1682 919 tracia-

274 942 339 980 bit,
365 940 445 971 hora
462 938 535 969 ΧΠ.

209 997 251 1031 Ν,
275 991 515 1026 SMALLEN
528 991 662 1021 BURG
678 1013 687 1029 ,
721 990 942 1023 Institutiones
956 1015 965 1031 ,
1005 990 1183 1023 secundum
1212 1003 1483 1026 WESTENBERGIUM
1497 1017 1505 1033 ‚
1538 994 1682 1027 tractabit

276 1046 389 1079 diebus
409 1047 534 1080 Lunae,
557 1042 689 1079 Martis,
713 1044 887 1081 Mercurii,
912 1045 999 1075 Jovis
1016 1050 1048 1075 et
1067 1046 1215 1085 Veneris,
1238 1045 1315 1078 hora
1331 1049 1371 1079 X.

341 1095 513 1130 Pandectas
538 1094 650 1126 iisdem
676 1094 809 1136 diebus,
831 1096 911 1127 hora
927 1097 1010 1127 VIII.

342 1149 562 1180 institutiones
582 1149 666 1180 Juris
687 1150 836 1182 hodierni
863 1149 994 1181 dictabit
1022 1148 1137 1182 diebus
1164 1151 1339 1191 Mercurii,
1364 1152 1452 1183 Jovis
1476 1158 1507 1184 et
1527 1153 1681 1190 Veneris,

275 1207 355 1237 hora
377 1204 446 1235 Xll.
1391 1208 1395 1209 ⁷

210 1261 246 1292 E,
277 1256 539 1291 HAGEMAN
556 1278 566 1294 ‚
593 1254 782 1286 Statisticam
808 1255 961 1298 docebit,
993 1257 1107 1289 diebus
1136 1258 1246 1290 Lunae
1263 1281 1271 1297 ‚
1302 1257 1418 1290 Martis
1448 1264 1479 1289 et
1506 1256 1679 1294 Mercurii,

277 1311 357 1342 hora
381 1310 405 1340 I.

344 1363 524 1394 Historiam
550 1364 694 1406 Europae
718 1363 964 1407 DIplomaticam
987 1361 1174 1407 explicabit,
1200 1363 1311 1395 iisdem
1329 1363 1459 1402 diebus,
1481 1363 1560 1394 hora
1575 1363 1634 1394 XI.

211 1421 240 1451 J,
263 1418 312 1450 M.
337 1417 562 1454 KEMPER,
584 1417 641 1447 Jus
662 1418 798 1449 Naturae
820 1416 1006 1459 explicabit,
1037 1415 1150 1447 diebus
1170 1418 1300 1455 Lunae,
1324 1418 1457 1454 Martis,
1482 1416 1637 1448 Mercurii
1652 1421 1682 1446 et

278 1471 381 1508 Jovis,
405 1469 482 1499 hora
500 1468 553 1499 IV.

339 1524 396 1553 Jus
419 1522 572 1552 Gentium
594 1528 625 1552 et
648 1522 832 1561 Publicum,
856 1524 966 1556 iisdem
990 1520 1122 1558 diebus,
1145 1521 1224 1552 hora
1245 1521 1300 1554 lx.

344 1577 400 1605 sus
423 1574 611 1612 Criminale,
637 1576 748 1608 iisdem
772 1577 902 1613 diebus,
928 1577 1006 1606 hora
1026 1574 1115 1605 Vlll.

216 1629 259 1663 H.
283 1630 321 1660 G.
346 1629 613 1667 TYDENIAN,
635 1629 851 1662 Institutiones
867 1628 1096 1662 JurisRomani
1109 1626 1298 1670 explicabit,
1317 1625 1429 1658 diebus
1445 1628 1571 1665 Lunae,
1594 1628 1683 1660 Mar-

282 1683 338 1721 tis,
361 1681 535 1719 Mercurii,
562 1681 649 1712 Jovis
673 1687 703 1712 et
726 1684 874 1722 Veneris,
897 1683 976 1714 hora
994 1681 1068 1713 XII.

350 1734 525 1767 Historiam
551 1740 582 1764 et
608 1734 822 1776 Antiquitates
849 1737 933 1767 Juris
956 1734 1092 1767 Romani
1120 1732 1241 1770 tradet,
1265 1730 1378 1763 diebus
1401 1733 1525 1772 Lunae,
1549 1733 1683 1773 Martis,

282 1787 443 1821 Mercurii
465 1792 497 1816 et
518 1786 619 1824 Iovis,
643 1786 721 1818 hora
737 1789 759 1819 Ι.

343 1838 630 1881 Encyclopaediam
654 1846 685 1871 et
697 1840 974 1885 Methodologiam
987 1844 1003 1873 J
1006 1840 1070 1872 uris
1088 1839 1232 1875 docebit,
1246 1839 1297 1870 die
1312 1839 1458 1877 Veneris,
1482 1839 1560 1870 hora
1569 1838 1613 1870 XI
1624 1845 1655 1870 et
1664 1838 1686 1870 Ι.

351 1893 523 1924 Historiam
557 1894 641 1924 Juris
668 1894 788 1936 patrii,
817 1895 868 1925 vel
902 1898 997 1927 etiam
1029 1893 1315 1937 Encyclopaediam
1341 1892 1438 1924 studii
1465 1892 1603 1931 Politici,
1638 1892 1688 1924 bis

283 1957 340 1990 per
366 1945 599 1978 hebdomadem
626 1953 757 1978 tractare
778 1954 907 1990 paratus
932 1955 991 1980 est.

1034 2011 1107 2044 B3
1657 2007 1688 2044 J·
