1940 2474
284 172 327 205 50
529 172 566 201 H.
631 171 669 202 c,
734 178 844 201 vis
913 146 1019 200 ’,ἡ
1083 171 1273 204 Boon·
1319 162 1566 214 'mesum

290 256 495 293 intelligimus;
527 264 614 291 quare
636 255 779 284 ammonia
809 255 838 284 in
859 256 1068 292 Atmosphaera
1096 264 1230 294 suscepta
1253 257 1293 286 ·vi‘
1312 246 1514 290 'electricitatis
1539 262 1758 302 decomponitm·
1775 256 1804 296 eff

291 307 446 336 resolvitur
469 307 498 335 in
523 306 684 342 principia,
713 306 819 341 quibus
842 308 1000 342 conflatur,
1030 307 1059 336 in
1085 316 1136 345 gaz
1159 315 1275 338 azotum
1298 316 1327 338 et
1346 319 1400 348 gaz
1424 312 1649 352 hydrogenium‚
1678 326 1805 354 quorum

290 358 409 386 alterum
432 357 670 392 Atmosphaeram
692 357 871 393 ingreditur,
894 358 1012 386 alterum
1034 357 1133 387 altiora
1152 360 1236 396 petit.
1281 361 1451 398 Praeprimis
1476 365 1590 394 videtur
1611 367 1680 396 mihi
1702 369 1803 404 proba*

291 408 358 436 bilis
386 409 453 436 haec
476 409 659 445 conjectura,
687 416 776 443 quum
802 407 832 436 in
855 408 1066 445 Atmosphaera
1093 411 1172 439 nulla
1193 413 1351 443 ammoniae
1370 410 1493 452 vestigia
1517 417 1713 455 inveniantur,
1737 421 1809 456 quae

291 466 385 490 tamen
405 460 518 497 largiter
539 460 766 497 Atmosphaerae
789 460 921 489 traditur.

989 538 1018 574 §-
1061 545 1108 574 51.

334 612 505 642 Immortalis
543 613 762 649 Lavoisiert'tes,
792 612 912 651 egregiis
938 619 966 642 et
996 613 1026 642 in
1055 623 1085 643 se
1113 615 1209 651 ipsum
1242 624 1273 646 et
1303 619 1333 647 in
1367 618 1496 649 anImalia
1530 620 1672 651 institutis
1701 622 1812 659 creperi*

297 665 402 694 mentis
425 664 638 701 determinavit,
662 666 794 702 majorem
812 671 920 702 partem
942 664 1073 702 inspirati
1095 675 1148 703 gaz
1170 669 1302 705 oxygenii
1326 669 1471 706 impendi,
1500 678 1533 700 ut
1556 672 1590 701 ab
1615 674 1671 702 hoc
1692 682 1727 702 ex
1745 681 1813 702 san*

297 716 383 753 guine
417 725 527 745 venoso
555 717 706 752 arripiatur
730 717 904 753 principium
928 717 1129 752 carbonicum,
1166 720 1245 754 quod
1266 720 1306 749 ita
1339 720 1369 749 in
1395 722 1507 751 acidum
1537 723 1721 752 ca-rbonicum
1749 724 1811 753 *ver-

296 775 381 803 sum,
397 776 532 804 gazozam
550 768 672 797 formam
691 776 859 804 assumens,
875 769 1028 805 pulmones
1047 767 1124 805 fugit
1141 775 1169 797 et
1177 769 1413 807 Atmosphaeram
1431 773 1528 802 intrat.
1560 764 1682 803 Secutus
1696 781 1740 804 est
1748 775 1810 804 La-

295 820 460 848 voisierium
485 819 586 855 ingens
607 819 707 848 Celeb.
731 819 933 848 Chemicorum
960 828 1114 855 numerus,
1145 821 1196 856 qui
1216 821 1423 852 confirmarunt
1446 832 1564 860 omnes,
1587 832 1715 861 magnam
1737 824 1811 853 acidi

296 869 443 897 carbonici
471 870 585 906 copiam
608 878 642 898 ex
666 871 816 900 hominum
844 876 871 899 et
895 871 1065 906 quorumvis
1094 872 1257 902 animalium
1280 876 1470 911 pulmonibus
1498 877 1551 906 aeri
1571 875 1810 914 Annosphacrico

294 921 378 950 tradi.
419 923 531 951 Invenit
554 924 632 953 Clar.
654 924 796 962 Duvyus,
831 925 855 952 si
879 925 1044 953 naturaliter
1066 924 1197 954 hauritur
1221 926 1255 954 ab
1278 926 1395 956 homine
1416 928 1644 964 Atmosphaera‚
1670 937 1741 964 quae
1760 936 1811 963 0‚t

295 972 369 1002 acidi
392 974 537 1003 carbonici
560 975 703 1011 continet,
734 976 900 1012 respiratam
922 984 981 1005 eam
1015 985 1063 1011 1‚2
1085 977 1158 1013 poll.
1182 976 1303 1007 cubicos
1330 980 1478 1008 ostendere
1497 979 1603 1017 (16)3
1634 979 1813 1015 quibuscum

298 1026 499 1062 experimentis
518 1034 684 1064 congruunt
703 1037 776 1064 quae
796 1037 812 1056 a
825 1029 904 1057 Clar.
926 1029 1026 1066 Pfaffio
1049 1028 1132 1065 (17)
1153 1028 1305 1065 instituta3
1328 1036 1356 1058 et
1376 1029 1450 1058 acidi
1470 1030 1613 1059 carbonici
1636 1030 1718 1067 copia
1738 1030 1814 1059 intra

294 1077 519 1113 nychthemeron
551 1079 674 1115 generati
698 1088 713 1108 a
733 1079 835 1116 Davyo
857 1086 885 1107 et
904 1079 1049 1108 Bostockio
1072 1087 1259 1116 computatur
1282 1082 1317 1110 ad
1339 1091 1373 1110 22
1390 1083 1474 1118 pedes
1495 1082 1634 1118 cubicos,
1660 1091 1710 1111 seu
1740 1090 1755 1119 3
1776 1082 1813 1110 li-

295 1127 360 1157 bras
383 1129 476 1168 (18).
523 1129 626 1159 Differt
652 1131 740 1168 hujus
765 1131 839 1159 acidi
862 1130 1006 1166 quantitas
1027 1139 1042 1159 a
1065 1131 1181 1159 cacteris
1208 1133 1403 1162 inanimalibus
1430 1133 1584 1171 exspirati,
1610 1139 1699 1169 prout
1721 1132 1811 1161 citius

298 1180 443 1209 tardiusve
462 1181 616 1218 respirent,
639 1188 688 1210 aut
702 1182 835 1219 majorem
854 1182 1029 1211 minoremve
1043 1182 1167 1211 thoracis
1187 1184 1283 1212 locum
1299 1191 1441 1221 occupent
1459 1185 1626 1220 pulmones.
1659 1184 1692 1212 In
1707 1183 1814 1212 avibus

297 1238 365 1260 vero
388 1238 536 1267 generatur
560 1239 634 1261 certe
663 1233 771 1270 major3
802 1233 906 1270 probat
934 1234 1007 1262 hanc
1030 1242 1087 1261 rem
1112 1235 1204 1271 major
1224 1235 1373 1272 sanguinis
1399 1236 1500 1265 venosi
1528 1242 1554 1265 et
1577 1234 1704 1264 arteriosi
1721 1233 1814 1271 {diffe-

299 1281 406 1317 tentia,
429 1288 455 1310 et
480 1289 586 1311 caetera
604 1284 661 1320 jam
691 1285 719 1320 ς.
742 1293 774 1319 14
802 1285 903 1319 allata,
928 1292 1000 1319 quae
1021 1284 1089 1319 plus
1116 1286 1289 1321 oxygcnium
1312 1286 1345 1314 ab
1368 1287 1470 1315 avibus
1491 1286 1576 1314 deleri
1600 1285 1808 1313 demonstrant.

296 1333 405 1362 Eorum
423 1335 497 1363 enim
519 1337 708 1372 zoologorum
728 1337 866 1365 sententia
892 1337 1014 1365 maxime
1036 1336 1107 1364 mihi
1127 1336 1220 1371 placet
1241 1336 1347 1373 (19),
1375 1336 1425 1371 qui
1447 1335 1477 1364 in
1501 1335 1596 1363 avium
1619 1333 1809 1370 pulmonibus

302 1392 414 1412 omnem
436 1385 584 1421 sanguinis
606 1387 707 1415 venosi
730 1396 849 1416 massam
868 1389 951 1424 plcne
968 1389 1106 1425 oxydari‚
1128 1395 1176 1416 aut
1199 1388 1227 1417 in
1248 1388 1415 1417 arteriosum
1441 1387 1589 1421 converti,
1611 1386 1807 1420 contendunt,

299 1424 391 1469 neque
413 1435 532 1470 aliquod
555 1436 703 1472 sanguinis
727 1437 855 1466 artcriosi
876 1439 906 1466 in
929 1440 1114 1474 receptaculis
1135 1439 1219 1468 afireis
1243 1447 1308 1467 cum
1333 1439 1393 1467 assre
1413 1438 1615 1467 commercium
1639 1437 1807 1465 admittunt.

298 1491 323 1516 A
344 1485 507 1522 chtilibus
529 1487 713 1516 (tt-Piscibus
734 1488 819 1524 longe
850 1488 942 1517 minor
974 1490 1061 1527 huj11s
1084 1491 1158 1519 acidi
1181 1490 1327 1519 cai-bonici
1355 1490 1439 1526 copia
1466 1490 1632 1525 exlialutur3
1660 1482 1817 1516 contactus

297 1537 370 1565 enim
396 1538 545 1574 sanguinis
566 1547 632 1567 cum
657 1539 799 1577 oxygcnio
827 1545 853 1568 et
876 1540 970 1569 minor
991 1548 1034 1570 est
1062 1548 1089 1570 et
1118 1541 1341 1578 infrequentior.
1387 1535 1536 1569 Caeterum
1561 1540 1657 1569 omnia
1680 1537 1812 1568 animalia

300 1585 463 1616 branchiam
487 1589 541 1618 hoc
561 1598 612 1626 gaz
634 1590 794 1626 exspirant:
824 1593 903 1627 quod
925 1592 1051 1621 exhalare
1071 1592 1218 1621 Mollusca
1243 1591 1377 1628 probavit
1397 1592 1612 1630 Vanquelt‘rms;
1643 1598 1736 1628 neque
1760 1590 1816 1619 du-

303 1637 384 1674 bito,
407 1640 476 1675 quin
499 1640 555 1668 hoc
580 1641 724 1677 exspirent
743 1642 957 1672 Arachnoidea:
979 1652 1045 1672 cum
1068 1644 1143 1672 enim
1160 1650 1274 1673 constet
1301 1643 1442 1672 institutis
1460 1652 1476 1672 a
1496 1643 1676 1681 Vanquclino
1698 1640 1808 1677 experi-

305 1691 428 1733 mentis,
450 1690 560 1719 Insecta
582 1692 638 1720 hoc
656 1692 767 1721 acidum
792 1695 937 1730 exhalare,
961 1695 1030 1730 quid
1046 1696 1149 1724 mirum
1175 1695 1254 1731 quod
1272 1694 1456 1731 perfectiores
1477 1695 1602 1723 Araueac
1626 1700 1653 1721 et
1671 1692 1806 1728 Scorpio-

302 1749 352 1770 UCS
377 1751 431 1779 01³e
453 1741 650 1772 bfasscliiaUun
671 1753 724 1781 gaz
745 1746 918 1782 oxygonium
940 1754 1120 1778 assumentes
1141 1753 1250 1784 partem
1271 1745 1360 1786 hujus
1377 1745 1450 1775 vitae
1473 1744 1573 1784 pabuli
1595 1744 1719 1781 aliquam
1740 1749 1810 1772 cunt

1754 1802 1815 1824 car-

333 1874 347 1902 (
356 1874 398 1900 16)
416 1876 495 1897 Annal.
509 1875 533 1897 da
548 1877 613 1899 cln'm.
622 1892 629 1903 ‚
646 1879 708 1900 Tom.
724 1878 791 1900 XLV.
804 1885 828 1906 p.
842 1880 880 1906 98.

337 1915 400 1942 (17)
415 1917 430 1939 Ι.
445 1917 460 1937 1.
478 1918 542 1939 Torn.
555 1919 599 1939 LV.
616 1925 639 1945 p.
656 1923 694 1945 177
711 1924 773 1946 seqq.

334 1956 397 1983 (ιδ)
414 1957 523 1984 δρηημι,
537 1958 588 1979 Imt.
603 1958 670 1984 Mad„
689 1960 752 1981 Tom.
770 1959 788 1980 1›.
805 1965 828 1986 p.
843 1960 893 1987 4³5.

339 1995 403 2025 (19)
417 1997 535 2027 Lammk,
550 1998 640 2026 Phydor.
653 1999 730 2027 luem,
744 2000 810 2024 'roma
821 2000 839 2023 r.
855 2007 879 2028 p.
895 2004 945 2029 149.
962 2002 964 2005 “
