1940 2474
258 164 303 205 ‘56
523 163 684 203 ,JANI
751 162 1118 195 THEODORI
1185 165 1516 198 BERGMAN

261 257 292 282 re·
310 260 368 280 non
394 259 468 287 opus
491 252 540 281 sit.
590 241 728 280 Dicamus
748 251 847 288 potius
878 251 912 280 de
935 252 982 282 M.
1005 251 1139 287 Caudio,
1171 251 1220 287 qui
1249 251 1378 281 omniuin
1401 253 1582 290 superiorum
1607 253 1706 282 laudes
1725 261 1780 284 sua

261 302 432 340 praestantia
452 303 534 333 vicit.
578 303 634 332 Hic
660 304 753 338 enim,
774 309 810 331 -ut
831 303 870 332 ait
891 312 918 332 c.
940 311 992 340 79,
1014 312 1068 331 non
1085 303 1152 339 fuit
1181 303 1292 332 Orator
1313 314 1385 333 unus
1405 315 1420 333 e
1441 305 1560 334 multis:
1584 306 1681 343 potius
1702 308 1781 334 iuter

260 355 364 383 multos
385 361 476 392 prope
501 354 681 392 singularis:
709 356 753 382 ita
786 355 947 384 reconditas
971 355 1183 393 exquisitasque
1206 357 1361 383 sententias
1390 355 1482 384 mollis
1508 362 1536 384 et
1554 357 1700 394 pollucem
1723 368 1782 389 ves-

263 406 354 434 tiebat
378 407 495 434 oratio:
518 406 596 434 nihil
612 412 673 434 tam
698 412 845 442 tenerum,
872 416 961 444 quam
982 406 1064 434 illius
1089 407 1298 444 comprehensio
1323 407 1494 437 verborum:
1522 409 1599 437 nihil
1620 415 1680 437 tam
1698 409 1783 445 flexi-

257 457 336 485 bile:
356 457 449 493 nihil,
471 456 548 494 quod
567 459 659 495 magis
679 459 767 496 ipsius
789 457 915 486 arbitrio
933 457 1116 496 fingeretur,
1139 464 1171 487 ut
1192 459 1301 487 nullius
1324 459 1460 488 Oratoris
1481 469 1570 498 aeque
1588 461 1620 488 in
1639 467 1783 498 potestate

255 508 372 544 ficet-it,
394 515 470 537 caet.
513 508 568 537 Sed
591 515 672 538 totus
699 510 782 537 locus
805 517 900 544 usque
925 511 960 538 ad
980 518 1006 538 c.
1025 511 1073 538 80.
1095 510 1129 538 de
1151 518 1184 540 eo
1209 511 1345 547 legendus
1370 517 1413 539 est
1435 511 1552 547 longior
1574 520 1659 547 quam
1680 518 1713 541 ut
1733 512 1782 540 hic

263 560 454 588 adscribatur.
503 560 726 598 Quinctillanus
749 561 837 598 hujus
857 560 987 590 Oratoris
1012 561 1185 590 mentionem
1214 561 1284 591 fecit
1309 563 1421 591 Institt.
1445 562 1498 590 Or.
1520 562 1566 598 X,
1590 572 1617 592 1.
1646 571 1782 599 narrans,

265 620 331 641 eum
353 611 518 641 Orationem
542 612 680 641 habuisse
700 613 734 641 de
749 613 836 642 domo
857 613 1031 650 Ciceronis,
1052 614 1198 651 ejusdem,
1222 620 1255 643 ut
1280 614 1412 651 videtur,
1434 614 1613 651 argumenti,
1635 623 1720 651 quam
1739 615 1783 651 ip·

263 663 326 693 sius
352 663 503 693 Ciceronis
524 673 578 700 pro
600 665 688 693 domo
710 664 822 694 Oratio.
1252 704 1255 705 ⁷

301 714 347 744 Ne
371 725 457 752 porro
480 717 514 744 de
535 716 650 744 duobus
672 716 730 745 illis
754 717 984 746 adolescentibus
1013 717 1163 753 dicamus,
1188 718 1225 747 C.
1249 716 1374 747 Curione
1394 725 1422 747 et
1445 718 1484 748 L.
1509 719 1642 754 Licinio,
1667 717 1736 754 qui,
1757 717 1786 746 si

221 805 223 807 ι
264 765 375 796 diutius
399 767 557 802 vixissent,
585 775 716 804 magnam
745 775 840 797 essent
865 768 976 798 dicendi
1006 770 1118 798 laudem
1143 770 1314 806 consecuti,
1344 778 1527 807 quorumque
1551 770 1658 807 ingenii
1684 770 1783 799 laudes

266 818 410 853 praedicat
427 819 532 847 Cicero
560 827 587 846 c.
610 821 641 847 81
661 825 688 847 et
706 821 761 854 82,
783 821 919 857 adjuncto
938 821 1021 850 etiam
1045 821 1129 850 tertio
1151 821 1189 850 P.
1217 821 1318 850 Crasso
1342 822 1370 852 T
1372 822 1502 851 riumviri
1527 821 1608 857 fi1i03
1636 822 1694 850 duo
1717 827 1784 856 prae

260 869 364 897 ceteris
389 869 543 898 eminentia
564 869 677 906 ingenia
700 870 838 907 fuerunt⁷
859 872 1022 900 Marcellus
1043 878 1070 900 et
1089 872 1193 908 Julius
1217 873 1339 902 Cacsar.
1378 874 1461 902 lllins
1484 873 1599 909 quidem
1625 878 1703 901 tanta
1724 877 1784 900 erat

260 919 450 956 praestantia,
481 927 514 949 ut
535 920 647 950 Brutus
673 931 721 959 ap.
745 922 806 952 Cic.
830 931 863 958 71
886 931 950 952 eum
972 923 1110 953 Ciceroni
1134 924 1255 952 similem
1278 924 1341 953 fore
1361 924 1519 962 judicaret,
1547 930 1633 958 atque
1661 924 1728 952 haec
1751 923 1786 952 de

261 977 296 999 eo
316 971 439 1000 diceret:
463 972 506 1000 Et
526 973 607 1002 lectis
628 976 725 1003 utitur
746 975 842 1004 ‘verbis
865 981 892 1003 et
913 975 1138 1013 frequentibus..
1162 982 1194 1004 «et
1218 976 1365 1014 splendore
1385 978 1460 1006 vocis
1483 982 1509 1003 et
1530 975 1674 1012 dignitate
1694 980 1786 1003 motus

259 1020 299 1056 fit
323 1025 478 1061 speciosum
501 1031 537 1053 et,
547 1026 664 1054 illustre
681 1026 757 1064 quod
778 1026 909 1063 dicitur‚·
938 1027 1088 1065 omniaque
1107 1027 1146 1054 sie
1175 1030 1345 1063 suppetunt,
1376 1029 1408 1052 ut
1435 1025 1462 1051 ei
1481 1027 1593 1052 nullam
1616 1026 1709 1053 deesse
1725 1026 1787 1054 vir·

263 1078 354 1103 tutem
376 1075 528 1104 Orationis
543 1083 654 1115 putem.
695 1077 800 1106 Narrat
824 1078 926 1114 etiam,
953 1068 1017 1107 eum
1038 1086 1054 1106 a
1074 1077 1216 1113 Cratippo
1230 1081 1233 1084 ’
1246 1075 1435 1112 Peripatetico
1458 1075 1679 1111 Philosophiam
1700 1082 1786 1106 ‘acce-⁴

262 1125 352 1158 pisse.
393 1127 514 1156 Caesare
535 1134 628 1157 autem
653 1137 737 1158 nemo
762 1138 900 1166 umquam
920 1129 979 1159 fuit
1002 1129 1139 1159 Ciceroni
1163 1128 1296 1165 propior.
1339 1126 1496 1164 Magnifice
1516 1127 1551 1155 de
1568 1127 1632 1165 ejus
1649 1126 1787 1164 eloquen-

235 1189 241 1191 -
263 1173 305 1202 fia
333 1178 456 1208 sentiens
478 1180 596 1209 Atticus
620 1189 667 1217 ap.
699 1182 759 1211 Cic.
781 1190 818 1218 72
843 1191 907 1210 eum
932 1181 1004 1211 dicit
1035 1183 1159 1210 omnium
1187 1180 1348 1209 Oratorum
1373 1179 1552 1209 Latinorum
1576 1179 1686 1208 Latine
1707 1179 1786 1217 loqui

264 1225 482 1263 elegantisszm,
522 1233 562 1262 Et
583 1242 610 1262 c.
629 1242 681 1269 75:
705 1234 825 1272 Itaque,
847 1234 964 1270 inquit,
989 1243 1055 1263 cum
1076 1233 1118 1273 ad
1137 1234 1212 1262 hanc
1234 1232 1410 1271 elegantiam
1430 1232 1583 1261 verborum
1606 1232 1786 1261 Latinorum

266 1276 404 1314 adjungit
431 1278 487 1306 illa
515 1281 658 1312 Oratoria
687 1291 860 1314 ornamenta
885 1285 1021 1321 dicendi,
1051 1292 1112 1314 tum
1142 1283 1261 1314 videtur
1287 1289 1429 1322 tanquam
1454 1284 1570 1313 tabulas
1596 1284 1663 1312 bene
1690 1284 1786 1317 pictas

264 1328 406 1357 ἒθῖἷθθανΰ
421 1331 454 1357 ἱη
478 1330 545 1358 bono
567 1332 693 1363 lumine.-
714 1337 788 1365 hanc
812 1347 876 1365 cum
897 1337 1002 1365 habeat
1019 1339 1209 1375 praecipuam
1236 1335 1351 1365 laudam
1374 1341 1406 1358 m
1430 1330 1638 1364 communibus,
1667 1339 1723 1358 ”⁰71
1743 1331 1788 1360 νὶ-

266 1379 334 1415 deo,
363 1382 412 1409 cui
432 1381 532 1409 debeat
552 1383 672 1412 cedere:
701 1388 883 1422 splendidam
904 1388 1058 1422 qnamdam
1081 1384 1252 1421 mim'meque
1274 1382 1483 1412 veteratoriam
1506 1381 1648 1410 rationem
1672 1381 1785 1411 dicendi

266 1437 342 1459 tenet
364 1441 444 1467 voce,
465 1439 563 1470 motu3
585 1435 689 1471 ferma
713 1437 800 1464 etiam
822 1433 978 1473 magnifica
1002 1441 1029 1462 et
1047 1443 1186 1472 generosa
1213 1432 1429 1472 quodammodo.
1474 1432 1588 1461 Eximia
1609 1439 1678 1462 sunt
1697 1433 1732 1462 de
1751 1440 1785 1462 eo

264 1482 418 1512 Ciceronis
440 1484 526 1513 verba
546 1486 624 1521 apud
643 1487 724 1516 Suet.
747 1487 776 1516 in
800 1488 881 1517 Caes.
901 1494 953 1523 55:
977 1485 1084 1523 Quid?
1116 1485 1288 1520 Oratorem,
1310 1493 1391 1523 quem
1414 1484 1480 1512 lauit·
1501 1491 1650 1522 antepones
1670 1493 1786 1522 eorum,

264 1536 316 1571 qui
337 1535 415 1563 nihil
436 1535 522 1564 aliud
540 1539 686 1574 egerunt?
707 1538 783 1576 Quis
805 1541 950 1568 sententiis
971 1544 1024 1566 aut
1045 1539 1161 1566 acutior
1177 1537 1243 1574 fuit
1261 1543 1315 1565 aut
1337 1535 1494 1564 crebrior?
1521 1535 1597 1573 ,Quis
1617 1536 1712 1566 verbis
1733 1542 1788 1565 aut

266 1588 404 1614 ornatior
427 1593 480 1616 aut
505 1586 692 1626 elegantior?
719 1591 804 1620 Plura
827 1592 862 1620 de
885 1591 972 1628 hujus
990 1589 1099 1619 summi
1118 1588 1174 1619 viri
1197 1588 1332 1618 facundia
1350 1587 1429 1617 dedit
1453 1587 1575 1617 Harles.
1594 1588 1628 1617 P.
1648 1588 1686 1617 11.
1714 1589 1730 1625 §
1751 1596 1786 1617 10

266 1642 298 1671 p.
319 1643 371 1670 192
389 1643 416 1663 et
434 1646 498 1675 195.
1777 1644 1779 1646 '

306 1685 393 1715 Unus
415 1687 509 1717 nobis-
526 1699 673 1728 superest,
698 1694 732 1722 de
757 1702 816 1729 quo
840 1694 988 1729 dicamus,
1017 1694 1065 1722 M.
1089 1693 1199 1722 Brutus
1220 1692 1287 1729 ille,
1319 1692 1368 1729 qui
1393 1691 1449 1721 fuit
1473 1699 1548 1721 unus
1571 1698 1587 1720 e
1609 1688 1786 1723 percussori-

265 1737 321 1767 bus
345 1739 490 1769 Caesaris.
532 1741 617 1771 Hunc
639 1744 747 1780 igitur,
769 1745 808 1773 ait
829 1745 895 1774 Cic.
922 1754 948 1775 c.
968 1754 1026 1782 97,
1049 1755 1103 1774 non
1125 1745 1258 1782 linguam
1281 1744 1360 1773 modo
1380 1740 1489 1768 dcvi-‘56
1515 1739 1722 1768 exercl'tatl'vne
1740 1739 1786 1768 dl·

263 1790 364 1826 cendi,
384 1791 435 1820 sed
453 1797 480 1820 et
501 1794 593 1831 ipsam
616 1795 807 1833 eloquentiam
844 1797 1059 1835 locupletavisse
1080 1798 1255 1834 graviorum
1280 1794 1391 1821 artium
1415 1791 1528 1827 studio,
1558 1789 1712 1830 iisdemque
1734 1799 1785 1820 ar-

268 1841 342 1870 tibus
369 1842 452 1872 decus
477 1853 556 1873 omne
577 1847 699 1876 virtutis
713 1857 782 1877 cum
802 1858 912 1877 summa
933 1849 1108 1887 eloquentiae
1130 1846 1217 1875 laude
1229 1845 1375 1881 junxisse.
1399 1858 1401 1860 ·

311 1890 410 1925 Atque
430 1895 486 1931 ita,
513 1905 551 1926 ne
571 1899 605 1927 de
631 1899 694 1929 aliis
717 1899 867 1936 dicamus,
896 1900 1037 1929 Sallustio
1062 1906 1113 1929 aut
1140 1898 1179 1927 L.
1210 1897 1349 1926 Munatio
1371 1895 1498 1930 Planco,
1534 1894 1568 1923 de
1597 1894 1704 1931 quibus
1726 1893 1784 1943 egit

270 1940 390 1973 Har-les.
411 1941 443 1969 Ρ·
460 1941 498 1970 Π·
529 1955 560 1979 p.
581 1958 648 1979 221.
688 1952 745 1986 jam
764 1953 804 1980 od
829 1960 859 1981 ea
885 1958 1013 1989 tempora
1031 1950 1236 1990 pervenimus,
1266 1947 1372 1985 quibus
1397 1946 1451 1976 sub
1475 1946 1561 1976 unius
1585 1946 1713 1984 Augusti
1733 1947 1785 1976 do-

268 1993 392 2023 minium
415 1994 496 2023 venit
515 1994 607 2032 Resp.
629 1995 770 2030 Romana.
818 1999 974 2034 Exstincto
998 2010 1094 2035 autem
1117 2003 1258 2034 Cicerone
1277 1999 1416 2038 paulatim
1441 1999 1574 2030 defloruit
1599 1997 1781 2036 eloquentia,

1731 2056 1783 2076 cu*

1938 731 1940 746 1

1926 751 1940 770 1,

1938 778 1940 793 1

1936 827 1940 844 Ι

1927 849 1940 871 ἷέ

1928 888 1940 922 :-·
