1960 2500
636 161 1101 200 ORATIO.
1588 181 1635 211 'n

108 270 260 317 'quoque
291 262 518 312 Imperator,
547 267 650 296 antea
678 257 947 306 subdubitans,
976 260 1137 298 animum
1166 265 1302 312 aperit,
1341 271 1375 303 et
1409 267 1456 304 ad
1482 280 1630 309 causam

110 335 341 376 susceptam,
371 326 455 362 data
478 322 626 372 publice
654 322 745 369 fide,
776 323 930 372 ingenue
959 324 1116 371 accedit,
1152 339 1263 374 quam
1292 327 1336 363 ab
1374 328 1442 366 hoc
1470 339 1629 381 tempore

107 391 252 439 magnis
280 388 432 425 auxiliis
463 393 667 433 constanter
694 393 728 421 et
753 393 898 421 strenue
927 386 1081 437 adjuvit.
1150 387 1261 425 Hunc
1293 389 1414 440 Reges
1452 393 1630 434 Bavariae

107 462 144 490 et
156 449 467 499 WVurtembergae
483 448 646 498 proxime
661 456 866 496 sequuntur
877 461 888 495 3
908 450 1015 486 multi
1034 449 1157 487 eodem
1177 451 1319 488 circiter
1343 462 1500 502 tempore
1514 457 1631 494 Saxo-

106 528 172 552 nes
192 515 237 550 ad
264 527 301 549 se
325 513 499 559 redeunt,
528 519 562 547 et
578 511 745 547 ferociter
763 511 801 547 in
821 511 951 547 foedus
980 520 1169 549 transeunt
1178 526 1190 560 ;
1216 527 1334 563 neque
1366 516 1430 552 diu
1451 520 1630 568 postipse

108 578 294 613 Saxonum
312 576 415 621 Rex,
446 587 560 624 aeque
581 587 622 611 ac
640 574 772 610 caeteri
786 574 1004 611 Germaniae
1025 576 1239 624 Principes,
1268 577 1463 615 foederatis
1483 582 1630 630 populis

106 639 247 675 socium
270 651 307 674 se
324 638 502 687 adjungit.
531 637 605 685 (4,)
661 636 835 685 Undique
853 636 1061 674 incredibili
1080 638 1264 675 celeritate
1288 641 1333 675 ad
1352 653 1456 677 arma
1478 655 1630 680 concur-

105 702 213 738 ritur.
266 701 361 737 Ante
383 700 467 736 anni
485 699 590 735 finem
607 700 682 748 jam
701 699 785 747 plus
802 712 909 748 quam
924 700 1055 749 viginti
1074 701 1224 749 populi,
1253 714 1371 751 neque
1388 706 1561 751 postremi
1592 707 1628 743 in

98 776 232 799 eorum
254 774 405 798 numero
437 762 596 807 Batavi,
627 761 829 798 libertatem
853 771 1169 811 recuperaverant.
1223 763 1267 799 ln
1288 764 1469 813 Hispania
1494 767 1630 805 interea

101 826 292 870 Britanni,
331 825 419 861 duce
453 835 857 870 WELLINGTONO‚
898 837 1061 861 summae
1087 825 1315 862 fortitudinis
1340 828 1443 875 viro,
1481 842 1631 868 causam

103 887 283 923 bonorum
301 889 340 923 vi
360 887 495 924 invicta
518 888 687 922 continuo
704 895 920 936 protegunt,
950 895 983 922 et
1012 888 1150 923 Gallos
1181 902 1303 925 omnes
1325 903 1368 925 ex
1397 890 1456 926 his
1484 904 1631 942 quoque

101 950 315 999 regionibus
341 950 541 999 expellunt.
599 950 645 986 Et
670 949 903 985 Britannicae
928 949 1075 997 quidem
1097 951 1192 998 genti
1219 951 1287 986 hoc
1307 952 1411 988 laudi
1431 961 1465 989 et
1483 955 1631 991 immor-

97 1013 170 1049 tali
194 1014 336 1061 gloriae
356 1020 431 1057 est,
460 1013 558 1060 qnod
579 1013 780 1047 communis
809 1011 924 1046 hostis
953 1012 1116 1048 consiliis
1145 1021 1178 1048 et
1205 1012 1537 1051 machinationibus
1565 1029 1630 1052 an-

101 1085 170 1110 nos
202 1074 363 1121 amplius
399 1074 532 1121 viginti
562 1074 716 1109 mirifica
759 1073 1034 1121 perseverantia
1065 1075 1201 1111 restitit
1219 1103 1232 1121 ‚
1268 1083 1303 1112 et
1330 1076 1421 1113 alios
1448 1078 1627 1126 populos,

95 1135 211 1171 etiam
244 1134 390 1170 Russos
418 1141 453 1169 et
477 1135 717 1180 Austriacos,
746 1135 874 1182 quoad
895 1143 1040 1182 posset,
1070 1137 1182 1171 armis
1204 1137 1401 1183 instruxit,
1428 1139 1632 1176 immensis-

98 1208 177 1246 que
191 1196 325 1245 opibus
345 1195 565 1234 sublevavit.
619 1195 734 1241 Quod
753 1204 876 1243 antea,
910 1196 1054 1232 tametsi
1082 1196 1156 1244 jam
1184 1197 1247 1234 diu
1275 1198 1492 1248 durissimae
1511 1214 1633 1238 omnes

91 1260 292 1299 ⁴servitutis
318 1258 479 1295 taedium
499 1266 664 1307 ceperat,
693 1271 866 1295 successu
892 1258 1034 1306 caruit,
1062 1271 1160 1296 nunc
1186 1260 1331 1297 demum
1347 1274 1413 1311 per
1431 1262 1630 1302 admirabi-

101 1318 174 1357 lem
199 1321 303 1358 illam
330 1329 382 1358 tot
405 1321 618 1369 Principum
645 1320 686 1357 in·
704 1333 745 1357 re
766 1329 891 1371 coepta
922 1321 1087 1371 urgenda
1115 1324 1407 1371 consensionem,
1433 1324 1632 1363 'eorundem

99 1384 257 1420 consilia
280 1391 314 1420 et
341 1392 494 1421 conatus
527 1396 668 1420 summo
695 1384 918 1433 approbante
946 1392 980 1419 et
995 1384 1147 1431 juvante
1167 1385 1352 1433 Numine,
1379 1395 1543 1435 optatum
1563 1388 1632 1425 lia-

100 1445 184 1482 buit
200 1447 347 1483 exitum.
401 1446 462 1482 De
478 1447 536 1494 cuj
544 1459 586 1482 us
603 1446 752 1495 quidem
772 1459 974 1482 consensus
993 1447 1114 1483 causis
1135 1456 1170 1484 et
1195 1449 1356 1485 consiliis
1369 1477 1381 1495 ,
1411 1450 1456 1486 ad
1476 1463 1535 1485 res
1551 1451 1631 1487 Eu-

91 1519 214 1556 ·ropae
228 1509 396 1556 politicas
426 1509 464 1544 in
481 1510 695 1545 universum
715 1508 983 1557 spectantibus,
1012 1517 1176 1546 nostrum
1201 1524 1272 1547 non
1297 1519 1351 1547 est
1370 1521 1430 1548 aut
1449 1511 1630 1562 disquire—

101 1581 144 1606 re
160 1578 224 1606 aut
244 1570 454 1606 sententiam
472 1570 613 1617 dicere3
642 1570 705 1606 sed
726 1570 936 1620 Religionis
957 1572 995 1606 in
1016 1571 1130 1618 hujus
1148 1580 1269 1609 tantae
1290 1575 1341 1610 rei
1362 1587 1442 1609 cum
1463 1576 1628 1612 adorien-

102 1632 172 1668 dae
197 1631 352 1668 audacia
372 1640 451 1668 tum
469 1631 709 1681 perficiendae
728 1635 930 1670 constantia
955 1642 1179 1683 respectum,
1209 1648 1317 1684 quem
1344 1649 1448 1672 nemo
1469 1650 1539 1672 non
1563 1649 1628 1686 opa

100 1695 210 1730 timae
233 1695 286 1730 rei
315 1707 439 1730 amans
468 1695 562 1732 laeto
591 1697 710 1733 animo
745 1696 939 1745 comperit,
968 1709 1034 1732 nos
1063 1697 1210 1745 quidem
1245 1698 1290 1733 iis
1313 1699 1482 1746 temporis
1511 1700 1626 1735 nostri

103 1755 215 1792 rebus
249 1755 350 1793 haud
375 1756 586 1794 dubitanter
613 1771 843 1795 accensemus
856 1786 868 1805 ,
896 1759 940 1795 de
970 1759 1106 1808 quibus
1128 1761 1261 1809 optima
1282 1774 1449 1811 quaeque
1466 1771 1533 1810 pro
1552 1762 1627 1798 Re»-

103 1817 252 1868 ligionis
269 1832 382 1856 causa
400 1833 547 1869 sperare
564 1830 597 1858 et
615 1823 793 1871 augurari
812 1822 932 1859 liceat.

152 1881 187 1918 Ο
221 1883 424 1919 mirandam
451 1885 654 1932 Religionis
685 1883 970 1933 praestantiam!
1031 1884 1066 1920 O
1104 1882 1266 1920 divinam
1301 1885 1404 1933 ejus,
1442 1886 1552 1923 rebus
1588 1885 1625 1922 in

98 1944 293 1992 adversis,
331 1945 378 1981 ad
410 1946 673 1995 inexspectatus
701 1959 784 1983 cum
820 1947 977 1983 maxime
1013 1954 1164 1984 eventus
1190 1948 1265 1985 vim
1300 1956 1334 1984 et
1363 1948 1624 1986 efficacitatem!

107 2004 164 2042 Ea
179 2004 326 2055 ingenui
355 2008 537 2059 cujusque
556 2009 734 2057 hominis,
762 2017 796 2046 et
816 2009 1029 2057 Principum
1054 2009 1196 2058 quidem
1210 2011 1370 2059 primum
1397 2012 1539 2047 annnos
1555 2011 1624 2046 mi-

951 2071 980 2106 ss
1009 2081 1031 2106 2
1544 2083 1625 2110 rum
