1940 2474
559 170 1285 206 INTRODUCTI‘O.
1659 169 1679 201 5

164 271 187 298 ·„
207 269 271 291 man
290 260 372 290 nicht
394 260 515 289 (1111111151-
534 259 769 294 einverstanden,
797 257 833 286 ob
855 258 894 286 sie
917 258 1010 300 yollig
1041 258 1259 287 unterschieden
1286 266 1335 294 sey
1359 264 1417 286 von
1439 257 1488 285 der
1511 256 1676 285 Fedcrkraft

168 334 186 349 „
206 314 254 342 der
270 313 392 347 Theile,
413 312 473 340 und
495 311 585 340 durch
605 310 713 339 welche
733 309 882 339 Ursachcn
906 310 948 337 sie
968 310 1106 338 wcrksam
1132 309 1261 346 gemacht
1281 310 1393 344 werde3
1416 308 1492 337 noch
1515 308 1592 336 hatte
1611 315 1675 335 man

167 385 184 400 „
205 365 299 393 weder
318 363 560 399 Beobachtungen
576 363 635 391 und
650 361 799 389 Versuche
821 361 987 397 angestesst·⁹
1009 361 1053 389 die
1072 361 1118 389 ihr
1141 361 1323 389 Verhiz'ltniss
1339 369 1376 389 zu
1398 361 1502 389 andern
1524 367 1676 396 angenom-

168 435 187 451 „
208 423 308 444 menen
332 414 450 443 Kraften
469 414 518 442 des
541 414 666 449 Korpers
684 413 850 441 darthaten:
879 413 955 441 noch
980 411 1068 440 fehIte
1094 420 1126 441 es
1149 420 1184 440 an
1206 411 1393 448 Bestimming
1418 412 1466 440 des
1488 410 1677 448 eigentlichen

168 487 187 501 „
209 466 296 494 sitzes
320 465 410 494 dieser
432 464 533 500 Krast,
555 465 614 492 und
632 473 666 493 an
687 464 856 493 Vei-suellen
877 462 946 491 uber
967 462 1028 504 ihre
1045 463 1186 499 graduelle
1206 462 1459 491 Verschiedenheit
1485 462 1514 490 in
1540 461 1681 490 verschie-

167 537 186 554 ‚‚
207 518 277 546 dene
296 517 418 545 Theilen
440 517 489 544 des
515 516 660 551 Korpers‚
682 521 725 544 etc
731 533 903 543 ......
926 512 993 541 aber
1012 521 1041 541 es
1058 523 1120 542 war
1144 514 1205 542 und
1224 513 1295 542 blial)
1318 513 1378 542 eine
1401 514 1576 550 verbm-gene
1599 513 1679 551 Qua-

121 600 123 603 Α
165 582 190 605 ,,’
205 569 285 603 litat,
306 568 352 596 bis
370 568 456 596 Albr.
476 576 529 597 von
546 566 670 601 Haller,
686 566 776 595 durch
791 565 924 594 zahllose
946 563 1094 592 Versuche
1107 565 1165 593 und
1179 564 1345 601 grundliche
1357 564 1619 600 Beobachtungen,
1636 563 1681 592 die

167 640 187 655 ‚‚
208 619 435 656 Eigenschaften
459 620 506 647 der
526 618 624 648 Krafte
644 619 694 647 des
720 617 911 646 Thierischen
934 616 1059 651 Korpers
1081 616 1126 644 ins
1150 616 1255 644 Lichte
1274 615 1404 644 sctzte.'’

205 671 306 700 Liceat
328 679 405 699 nunc
434 671 501 699 baec
531 670 617 699 verba
640 678 674 698 ex
702 668 774 705 ipsis
802 669 848 696 Ill.
874 667 996 697 Gorteri
1020 666 1127 694 relictis
1155 666 1273 702 scriptis
1302 666 1436 695 refutate.
1482 666 1606 702 Scripsit
1636 665 1683 693 hic

165 722 220 751 Vir
239 731 313 751 anno
340 731 412 758 1737
432 722 584 758 <adeoque
608 722 682 750 duos
704 728 814 754 annos,
839 725 990 753 antequam
1008 716 1148 745 Hallerus
1165 725 1231 745 suas
1257 718 1291 745 dc
1318 717 1509 746 Iri-itabilitate
1535 717 1610 745 ideas
1636 703 1684 744 exL

165 775 326 810 posuerat)
352 780 478 808 quatuor
499 771 726 801 Exercitationes
749 770 878 798 Medicas
901 770 943 805 (6
960 770 993 805 )‚
1023 775 1049 796 et
1069 769 1125 805 jam
1148 774 1228 796 antea
1253 776 1327 796 anno
1355 776 1426 804 1734
1453 768 1569 804 publice
1587 766 1686 795 defen-

165 825 256 853 denda
270 825 330 853 filio
350 833 405 852 suo
427 823 507 852 Dav.
532 822 567 851 de
595 822 705 851 Gorter
731 821 848 850 tradidit
871 829 924 856 ea,
955 827 1028 855 quae
1053 820 1087 848 de
1115 819 1271 848 differentia
1298 819 1371 847 inter
1392 828 1500 855 corpus
1528 819 1631 847 vivum
1655 823 1682 846 et

165 883 312 905 mortuum
334 876 396 912 ipse
423 875 586 912 cogitabat.

202 928 358 956 Videamus
384 926 455 962 quid
476 934 507 954 ea
527 926 634 962 scripta
652 932 751 954 contra
772 925 822 960 Cl,
846 925 930 953 Cura
953 925 1074 962 Spreng.
1098 923 1264 951 sententiam
1288 922 1385 950 afferre
1410 921 1539 958 possint.

204 980 285 1009 Dicit
306 979 446 1008 Chivir:
482 999 500 1013 „
520 978 608 1006 Noch
633 978 738 1006 kannte
762 986 826 1005 man
851 977 895 1004 die
918 976 1042 1005 Gesetze
1068 974 1158 1002 dieser
1178 974 1255 1003 kraft
1279 973 1395 1002 nicht.”
1439 974 1480 1002 Et
1507 973 1554 1001 Ill.
1578 972 1685 1002 Gorte·

162 1041 213 1061 rm
236 1031 354 1068 posuit:
392 1051 409 1065 ,‚
430 1031 494 1067 (7)
515 1030 614 1068 Quum
643 1029 689 1057 hic
714 1036 812 1057 motus
842 1027 961 1064 (vitalis
986 1027 1108 1063 nempe)
1137 1034 1230 1061 neque
1250 1026 1351 1053 mentis
1376 1026 1505 1059 nexione,
1534 1033 1627 1060 neque
1647 1033 1683 1052 ex

166 1104 186 1119 ‚,
207 1084 311 1120 orgum*
331 1078 487 1111 structura*
507 1081 712 1115 continuetur,
742 1080 780 1107 ita
803 1086 835 1107 ut
856 1085 948 1107 teneat
971 1079 1047 1114 leges
1073 1076 1245 1113 corporibus
1274 1075 1396 1104 mortuis
1421 1075 1532 1104 innatas
1554 1076 1678 1112 (potest

165 1153 185 1170 ‚‚
206 1133 280 1162 enim
302 1141 336 1162 ex
358 1141 445 1170 parva
471 1141 556 1161 causa
576 1137 675 1159 motus
696 1131 797 1167 ingens
823 1129 963 1166 produci,
993 1128 1109 1156 mininie
1131 1127 1241 1164 legibus
1263 1126 1436 1155 mechanicis
1459 1127 1681 1164 respondens);

162 1197 185 1221 'a’
204 1193 272 1222 ergo
293 1185 371 1213 aliud
397 1183 482 1212 habet
504 1182 680 1220 principium
706 1190 790 1218 agens
816 1181 878 1209 suis
902 1188 1019 1216 quoquc
1045 1179 1158 1215 legibus
1181 1179 1337 1213 donatum,
1365 1179 1445 1214 quod
1467 1177 1617 1214 separatim
1640 1184 1684 1206 est

163 1257 184 1272 „
203 1236 440 1270 examinandum,
461 1234 582 1271 ejusq'ue
607 1233 795 1270 proprietates
815 1232 901 1261 variis
926 1231 955 1259 111
978 1230 1112 1267 partibus
1129 1229 1222 1257 nostri
1244 1229 1375 1265 corporis
1401 1229 1525 1258 viventis
1547 1237 1681 1265 perscru—

160 1297 184 1324 ·,,
202 1288 323 1323 tantiae,
345 1294 378 1316 ut
395 1287 434 1315 ita
454 1286 556 1315 clarior
574 1286 731 1314 multorum
745 1284 775 1313 in
790 1283 878 1313 nobis
894 1282 1027 1311 reddatur
1039 1281 1224 1315 intellectus,
1254 1280 1417 1315 certiorque
1438 1288 1472 1308 ex
1496 1270 1552 1325 hoc
1571 1286 1683 1308 mutato

165 1358 185 1374 ‚‚
204 1344 288 1367 motu
312 1344 405 1373 pateat
426 1338 557 1372 curatio,
586 1337 695 1373 quippe
720 1336 770 1372 qui
791 1336 987 1372 phaenomena
1010 1331 1150 1360 adscribit
1177 1331 1211 1360 ab
1237 1331 1292 1359 hoc
1316 1337 1397 1359 motu
1419 1332 1583 1367 producta,
1616 1331 1684 1368 legi—

160 1384 183 1424 ’,,
203 1389 262 1417 bus
281 1395 378 1417 motus
403 1387 582 1425 generalibus
606 1386 636 1414 in
660 1386 745 1414 rebus
767 1383 914 1421 Physicis.
964 1382 1018 1411 Vel
1043 1383 1148 1411 horum
1169 1383 1247 1418 leges
1265 1382 1333 1410 huic
1356 1382 1449 1411 motui
1475 1382 1554 1411 vitali
1576 1382 1600 1410 si
1625 1383 1686 1411 vel-

156 1452 185 1476 ·,‚
206 1441 245 1469 let
268 1447 446 1475 comparare,
476 1437 506 1467 in
535 1437 675 1465 absurdos
700 1437 836 1465 incideret
856 1445 981 1473 errores,
1008 1444 1068 1466 non
1084 1436 1233 1473 cogitans,
1259 1437 1366 1473 cuique
1380 1437 1512 1474 proprias
1532 1445 1599 1466 suas
1621 1445 1683 1465 esse

166 1512 186 1527 2,
207 1498 339 1520 motuum
361 1489 472 1526 leges.''

199 1543 291 1572 Porro
315 1542 364 1570 CL
388 1541 472 1570 Curt-
496 1541 618 1579 Sprcng.
645 1539 732 1577 dicit:
767 1561 784 1575 „
800 1541 877 1569 noch
905 1549 965 1569 war
986 1549 1053 1570 man
1074 1540 1156 1569 nicht
1182 1541 1302 1582 dqruber
1321 1541 1557 1577 ehi-versunum„
1583 1541 1623 1570 ob
1642 1541 1688 1570 sie

164 1615 183 1631 „
203 1595 295 1630 vollig
315 1593 536 1622 unterschieden
557 1601 608 1628 sey
623 1601 682 1621 von
705 1592 754 1620 der
773 1592 795 1620 F
798 1591 939 1621 ederkraft
959 1592 1037 1622 etc.”
1080 1592 1224 1622 Gomras
1246 1599 1345 1621 noster
1367 1599 1462 1621 tamen
1486 1593 1600 1621 disertis
1621 1600 1683 1621 ver-

163 1647 210 1676 bis
231 1647 286 1675 hoc
299 1646 355 1683 jam
374 1646 494 1680 docuit;
516 1645 588 1673 dicit
609 1645 705 1681 enim,
724 1645 774 1672 ubi
792 1645 829 1673 de
840 1645 936 1674 cordis
957 1645 1070 1674 actione
1087 1644 1232 1679 ioquitur:
1266 1665 1284 1679 „
1306 1644 1368 1681 (8)
1389 1643 1535 1680 Peragitur
1558 1643 1605 1671 hic
1623 1652 1684 1672 rno-

156 1710 184 1734 >„
204 1705 254 1727 tus
275 1697 425 1733 spii-alium
440 1696 577 1725 fibrarum
598 1697 694 1725 cordis
710 1697 919 1726 constrictione
940 1706 1030 1733 supra
1049 1703 1180 1731 motum,
1204 1704 1289 1731 quem
1314 1696 1418 1725 similis
1443 1695 1577 1724 machina
1599 1703 1688 1730 quae-

164 1770 184 1786 „
204 1750 250 1779 vis
270 1749 386 1778 elastica
401 1756 490 1778 nona
511 1749 611 1786 majori
633 1757 736 1783 causa,
763 1757 848 1784 quam
868 1755 1014 1778 exercetur
1030 1748 1062 1776 111
1084 1747 1262 1776 removendis
1286 1748 1382 1776 cordis
1399 1746 1551 1781 lateribus,
1575 1746 1688 1782 produ-

163 1822 184 1838 „
203 1810 265 1830 cere
288 1801 402 1838 possit:
430 1808 517 1836 quare
539 1799 756 1829 constrictionis
781 1801 826 1830 vis
846 1801 954 1839 legibus
972 1806 1062 1830 motus
1078 1801 1111 1828 in
1126 1800 1253 1838 physicis
1278 1807 1338 1828 non
1362 1805 1406 1828 est
1427 1797 1633 1834 comparanda,
1656 1802 1684 1825 et

1578 1871 1600 1886 w
1618 1850 1686 1886 quii).

189 1931 234 1957 (6)
249 1931 315 1953 conf.
331 1929 495 1951 &arenariam
506 1934 594 1958 quar-or
609 1929 713 1957 Medicas,
729 1930 820 1953 Amstei.
840 1935 900 1958 ¹737.
923 1936 975 1958 41υι

192 1975 236 1998 (7)
251 1972 318 1994 Conf.
335 1972 411 1993 Exere.
424 1973 493 1998 prima
507 1972 530 1993 da
543 1972 606 1994 Motu
620 1973 703 2000 Vitall,
724 1978 774 2000 pag.
791 1977 828 1998 51·
849 1973 869 2000 §.
888 1971 922 1996 16.

194 2013 401 2041 “2¹01·P·S¹·
425 2013 444 2040 5.
467 2017 502 2040 17.
959 2040 1028 2075 Aa
