1940 2474
213 143 252 166 22
488 131 529 162 G.
616 132 643 162 J.
734 132 770 165 C.
859 141 966 164 vau·
1054 132 1444 170 M'A‘SSOWJ

213 219 267 254 iri,
290 227 360 254 quas
384 217 414 251 in
435 217 618 251 Tractatione
638 218 672 246 de
692 225 820 255 tempore
838 219 868 248 b.
888 219 910 248 f.
934 219 963 248 in
986 220 1149 250 Publiciana
1173 222 1349 252 instituenda
1369 224 1425 260 jaim
1448 231 1535 260 supra
1557 225 1720 262 attigimus.

215 270 376 307 Ulpianus,
398 269 534 305 inquam,
564 270 594 298 in
619 270 695 298 omni
719 271 856 300 Emtione
877 271 1001 306 requirit
1018 272 1047 300 b.
1068 272 1091 301 f.
1113 273 1175 302 sine
1196 283 1252 309 qua
1272 275 1349 303 nulla
1369 275 1555 311 Publiciana,
1583 278 1633 306 sed
1654 286 1715 306 eam

214 326 323 350 tantum
346 329 361 349 a
378 327 459 356 parte
477 321 607 350 Emtoris
629 323 693 350 vult
718 322 833 357 adesse,
856 328 888 350 ut
912 322 1054 359 expressis
1072 325 1168 353 verbis
1193 325 1276 354 docet
1291 326 1319 361 §-
1346 310 1392 362 i5.
1432 326 1528 355 Dolus
1549 327 1714 356 Venditoris

211 372 236 400 ei
260 373 482 411 nonnocebit3
513 381 564 402 nee
597 374 651 401 hoc
680 373 781 401 mirum
809 373 893 401 nobis
923 374 1061 403 videatur.
1110 376 1275 405 Publiciana
1298 376 1371 405 6111111
1393 383 1504 406 tantum
1532 371 1563 406 111
1590 377 1718 408 favorem

212 422 341 452 Emtoris
363 431 406 452 est
427 425 605 460 introducta,
627 424 674 452 cui
695 425 719 452 51
742 425 772 452 b.
799 423 821 452 f.
847 424 1013 454 Venditoris
1033 427 1152 462 probare
1174 428 1364 464 incumberet,
1385 437 1484 464 parum
1510 428 1615 457 faveret
1637 430 1720 458 Prae-
1755 443 1757 445 ¹

211 480 269 502 tor,
308 475 449 504 Praeterea
474 477 553 512 quod
574 477 608 504 ad
627 475 841 511 Usucapionem
866 476 985 512 attinet,
1005 478 1137 507 venditor
1162 479 1275 514 5616115,
1305 488 1334 508 56
1359 489 1415 508 rem
1439 480 1557 508 alienam
1579 481 1715 515 vendere,

211 526 324 554 nullum
346 526 449 555 vitium
473 527 501 557 111
523 528 669 556 Emtorcin
692 527 842 562 transfert,
864 536 927 556 nam
949 528 1163 565 Usucapionem
1188 539 1247 560 nou
1269 531 1406 559 habemus
1426 531 1460 559 ab
1478 532 1553 567 alio,
1575 539 1641 568 ergo
1664 539 1718 566 1166ι

213 585 229 606 ι
252 578 427 614 Venditore,
450 579 498 607 sed
519 588 534 607 a
555 579 651 616 Lege,
674 585 705 607 ut
725 578 764 607 ait
784 579 888 608 -Cicaro
907 581 939 607 iu
958 579 1044 608 Orat.
1065 588 1119 619 pro
1144 582 1278 611 Caecina.
1326 602 1344 618 „
1364 582 1514 619 Usucapio
1531 585 1590 611 no'n
1606 591 1621 610 a
1634 582 1720 610 Patre

215 648 233 664 „
253 630 442 666 relinquitur,
464 631 512 659 sed
533 640 548 659 a
567 631 656 668 Lege.
668 630 686 642 ’³
965 667 974 670 ν
997 623 1000 626 ⁴

250 680 326 709 Cum
347 682 487 710 hocloco
512 682 546 710 de
570 682 600 710 b.
624 681 646 710 f.
670 691 804 719 agamus,
827 683 940 720 elegans
964 683 1095 718 quaestio
1115 685 1307 721 proponitur;
1330 684 1459 720 scilicet,
1487 686 1637 722 quusnam
1657 690 1722 718 spe⁴

212 732 314 759 ctanda
338 738 384 769 est
408 732 439 761 b.
460 732 501 767 f.,
523 732 547 761 si
569 741 612 761 res
633 735 768 769 quaedam
792 741 864 763 emta
887 734 925 763 sit
947 744 962 763 a
984 743 1083 770 servo,
1114 741 1211 764 utrum
1231 736 1326 772 ipsius
1350 736 1442 772 servi,
1471 745 1506 765 an
1530 745 1596 765 vero
1618 733 1721 769 Domi?

212 782 265 811 ni?
286 782 357 811 Eam
383 783 490 811 decidit
509 783 604 819 JCtus
629 785 658 813 in
683 787 712 821 §.
733 795 785 822 13,
807 786 857 814 sed
881 794 939 815 non
963 787 1032 815 adeo
1057 786 1208 822 distincte,
1229 794 1262 815 ut
1283 788 1361 817 nulla
1383 788 1573 824 explicatione
1596 785 1719 822 amplius

208 833 346 869 indigeat.
393 833 423 861 Si
446 842 548 862 servus
573 835 670 863 emerit
693 844 747 865 suo
769 836 905 871 nomine,
934 836 1067 873 ignoraus
1094 846 1152 866 rem
1177 836 1296 866 alienam
1325 846 1406 873 esse,
1433 838 1548 866 habebit
1572 835 1718 864 Dominus

211 884 407 914 Publicianam
429 885 511 914 etiam
533 886 627 914 sciens
651 895 706 915 rem
730 878 847 917 alienam
871 896 953 923 esse,
976 887 1038 917 nisi
1062 888 1124 924 ipse
1147 888 1269 917 adfuerit
1292 894 1418 924 tempore
1438 888 1614 916 Contractus
1636 884 1722 920 initi,

212 941 241 965 et
262 943 376 965 servum
402 940 459 965 r‘em
479 937 598 966 alienam
623 945 760 967 ementem
785 939 936 976 prohibere
960 938 1114 975 potuisset.
1163 940 1228 969 Hoc
1258 948 1326 968 casu
1353 939 1472 968 scientia
1498 937 1616 968 Domini
1643 936 1722 971 Usu,-

212 987 361 1024 capionem
379 988 510 1025 impedit.
552 989 583 1018 Si
608 998 707 1019 servus
733 1000 787 1020 suo
811 992 926 1021 nomine
947 992 1063 1028 emerit,
1093 991 1144 1022 sed
1165 1001 1204 1023 m.
1225 991 1270 1029 tl,
1300 991 1436 1024 domnus
1460 999 1552 1022 autem
1573 993 1721 1029 ignorave-

215 1039 271 1075 rit,
299 1049 362 1069 eum
387 1049 445 1069 rem
469 1039 587 1070 alienam
607 1050 717 1078 emere,
745 1043 831 1073 dolus
861 1044 936 1073 servi
966 1045 991 1073 ei
1014 1045 1142 1073 nocebit.
1188 1045 1249 1080 Ita,
1278 1046 1304 1075 si
1327 1055 1426 1075 servus
1457 1044 1576 1082 proprio
1608 1043 1724 1073 nomine

214 1090 336 1128 emerit,
364 1097 435 1122 tunc
466 1093 540 1122 enim
571 1094 698 1123 Domino
726 1101 811 1123 nocet
841 1104 880 1124 m.
903 1095 926 1125 f.
956 1096 1032 1125 servi
1057 1096 1140 1125 etiam
1171 1096 1332 1134 ignoranti,
1363 1104 1389 1126 et
1411 1098 1528 1134 prodest
1557 1096 1619 1133 ejus
1644 1095 1676 1124 b.
1696 1094 1721 1124 f.

213 1142 296 1172 etiam
319 1152 376 1172 rem
399 1144 517 1173 alienam
541 1153 604 1174 esse
622 1146 744 1181 scienti,
768 1153 878 1182 praeter
897 1156 996 1176 casum
1018 1157 1107 1184 supra
1129 1156 1328 1178 memoratum.
1369 1149 1468 1187 Quid,
1489 1148 1513 1177 si
1528 1156 1630 1177 servus
1644 1153 1724 1175 mans»

210 1195 298 1224 dante
320 1196 448 1225 Domino
469 1197 592 1225 emerit?
627 1197 712 1226 Tunc
734 1198 758 1226 si
780 1198 873 1228 sciens
901 1207 956 1228 rem
982 1199 1101 1228 aliena-m
1124 1199 1241 1234 emerit,
1271 1201 1332 1237 ejus
1350 1201 1435 1230 dolus
1457 1199 1630 1236 spectandus
1650 1197 1722 1232 erit,

214 1253 267 1275 nec
284 1248 402 1282 prodest
419 1248 548 1277 Domino
573 1248 635 1284 ipsa
659 1249 821 1285 ignorantia
846 1258 908 1278 sua.
950 1251 1002 1280 Sin
1021 1259 1089 1280 vero
1112 1252 1141 1280 in
1157 1252 1188 1280 b.
1204 1251 1229 1279 f.
1247 1258 1382 1280 versetur
1401 1259 1518 1285 servus,
1541 1251 1590 1278 sed
1608 1249 1720 1277 manda.-

214 1297 288 1324 verit
305 1298 450 1327 Dominus
474 1308 531 1327 rein
556 1308 665 1335 emere,
688 1309 773 1336 quam
795 1301 903 1329 sciebat
922 1310 985 1330 6556
1007 1302 1143 1338 alienam,
1164 1303 1212 1331 hic
1234 1311 1293 1331 non
1315 1309 1414 1340 potest
1436 1309 1604 1338 usucapere.
1644 1299 1722 1329 Haec

212 1347 249 1375 de
270 1355 365 1376 servo.
406 1349 454 1377 An
476 1348 548 1377 idem
568 1359 665 1378 verum
690 1352 724 1377 de
744 1352 933 1378 Procurator-e
954 1359 980 1377 er
1003 1353 1138 1382 Tutore?
1165 1353 1330 1383 Videamus.

253 1398 284 1426 Si
303 1399 474 1428 Procurator
490 1407 570 1427 meus
594 1405 643 1427 aut
663 1398 760 1426 Tutor
782 1406 838 1426 rem
864 1399 1002 1438 emerint,
1023 1400 1144 1426 scientes
1165 1407 1223 1426 eam
1248 1403 1364 1426 alienam
1386 1405 1465 1431 esse,
1486 1402 1516 1426 b.
1530 1402 1553 1425 f.
1571 1405 1632 1426 mea
1647 1398 1719 1428 mihi

214 1456 275 1478 non
297 1450 433 1484 proderit.
475 1450 548 1485 Sed,
571 1458 606 1478 116
627 1449 699 1477 illud
717 1449 885 1478 detrimento
907 1449 976 1477 mihi
993 1449 1048 1484 sit,
1076 1457 1195 1484 possum
1221 1457 1270 1477 eos
1283 1448 1445 1476 *convenire
1464 1448 1594 1478 Mandati
1617 1455 1645 1476 et
1660 1448 1722 1477 Tu»-

214 1500 286 1528 telae
310 1500 432 1529 directae
453 1500 636 1535 actionibus,
667 1501 734 1536 quia
758 1507 979 1536 praesumuntur
1007 1500 1036 1529 id
1061 1500 1124 1529 sine
1149 1499 1248 1528 fraude
1275 1508 1333 1528 non
1358 1498 1471 1528 fecisse.
1519 1499 1607 1537 Quod
1635 1499 1661 1527 si
1687 1499 1717 1528 in

216 1549 248 1578 b.
271 1549 295 1578 f.
318 1550 446 1586 fuerint,
468 1551 518 1580 sed
540 1560 557 1580 a
580 1560 641 1581 mea
664 1558 745 1588 parte
767 1560 806 1581 m.
829 1551 853 1579 f.
874 1552 1014 1586 adfuerit,
1041 1560 1138 1580 eorum
1164 1551 1323 1587 ignorantia
1349 1551 1419 1579 mihi
1439 1559 1497 1579 non
1522 1551 1649 1586 prodest.
1688 1550 1720 1579 Id

216 1602 393 1637 notandum,
418 1611 479 1631 non
505 1604 601 1632 solum
627 1604 731 1632 malum
758 1603 871 1631 initium
900 1603 930 1631 in
959 1611 1082 1639 persona
1112 1602 1306 1631 contrahentis
1329 1602 1543 1638 Usucapionem
1564 1601 1720 1637 impedire,

215 1652 267 1678 sed
283 1659 310 1679 et
330 1661 413 1682 casus
436 1654 514 1690 dari,
538 1655 608 1690 ubi,
630 1654 739 1683 etiamsi
757 1654 928 1683 contrahens
951 1654 980 1683 in
999 1654 1029 1682 b.
1050 1654 1074 1682 f.
1098 1653 1204 1688 fuerit,
1227 1654 1303 1682 nulla
1324 1653 1363 1681 sit
1383 1653 1550 1689 Usucapio,
1577 1652 1720 1688 siquidem

216 1708 252 1729 ex
275 1701 407 1728 mandato
429 1704 566 1739 Domini,
588 1706 705 1734 scientis
729 1714 784 1734 rem
806 1705 944 1740 alienam,
965 1706 1138 1734 Procurator
1158 1711 1206 1734 aut
1230 1713 1329 1733 servus
1349 1704 1519 1741 acceperint,

252 1752 431 1780 Contractus
453 1752 599 1782 Emtionis
622 1755 807 1785 Venditionis
826 1757 907 1785 solus
930 1762 973 1784 est
997 1756 1069 1785 inter
1093 1764 1210 1791 omnes,
1233 1756 1284 1792 qui
1306 1756 1336 1783 b.
1358 1755 1381 1782 f.
1402 1754 1515 1783 duobus
1541 1751 1717 1787 temporibus
1739 1749 1742 1755 '

219 1803 360 1838 requirit,
381 1810 509 1840 tempore
529 1805 624 1840 ipsius
647 1806 841 1843 Contractus,
862 1815 889 1836 et
908 1814 1035 1843 tempore
1061 1807 1249 1836 Traditionis.
1297 1807 1340 1835 De
1361 1806 1411 1836 illo
1434 1811 1558 1833 veterum
1577 1803 1719 1840 Jctorum

216 1854 443 1882 Sabinianom.1m
468 1862 495 1883 et
519 1855 762 1887 Proculianormm
785 1859 918 1888 dissensu
938 1859 993 1895 jam
1019 1868 1106 1895 supra
1128 1859 1275 1894 diximus3
1305 1865 1398 1893 neque
1427 1856 1473 1885 hic
1504 1856 1586 1883 locus
1617 1854 1733 1890 majore'

215 1904 409 1939 explicatione
428 1906 547 1943 indiget.
588 1907 652 1937 Hoc
676 1915 767 1937 tamen
792 1910 970 1945 addendum,
993 1911 1072 1946 quod
1094 1919 1178 1946 supra
1199 1919 1213 1939 a
1237 1910 1321 1938 nobis
1342 1908 1500 1941 omissum,
1521 1906 1631 1934 scilicet
1650 1903 1719 1932 Em·

217 1956 326 1984 n'onem
347 1956 549 1988 Venditionem
568 1967 626 1988 eam
650 1960 687 1988 ob
713 1969 827 1989 causam
852 1961 967 1990 duobus
989 1949 1167 1999 temporibus
1191 1962 1294 1991 bonam
1318 1961 1400 1989 fidem
1418 1958 1573 1994 requirere,
1602 1963 1674 1992 quae
1691 1955 1721 1995 in

1674 1999 1721 2033 m-

421 2399 454 2418 ..Ι
