1940 2474
417 192 941 228 COMMENT}.T10
997 194 1398 229 LITERARIA.
1629 195 1670 242 37

150 281 212 316 nis,
225 279 443 316 jucunditatem
466 281 614 311 Isocratis.
663 282 793 320 Adjungi
817 283 904 320 hujus
929 282 1038 320 judicio
1062 289 1206 310 merentur
1224 283 1312 311 verba
1328 283 1466 312 Auctoris
1487 283 1614 321 Dialogi
1631 284 1665 312 de

148 332 242 360 causis
265 341 343 359 corr.
362 332 470 370 Eloq.,
495 334 544 369 qui
565 343 591 361 c.
610 341 665 370 25,
687 334 839 372 quomodo,
869 334 984 370 inquit,
1014 336 1092 361 inter
1114 334 1226 361 Attlcos
1249 335 1389 363 Oratores
1408 337 1526 373 primae
1549 334 1668 363 Demos-

149 383 229 410 theni
250 383 439 419 tribuuntur,
457 386 624 422 proximum
651 392 746 414 amem
770 386 860 414 locum,
881 386 1033 414 Aeschines
1058 392 1084 413 ct
1104 385 1263 423 &parides
1286 392 1312 413 et
1336 386 1440 423 Lyst'as
1465 392 1491 414 et
1514 386 1670 424 Lycurgus

150 433 286 462 obtinent.
336 435 384 462 Sic
415 435 497 473 apud
515 445 562 464 7205
586 436 690 465 Cicero
717 437 838 475 quidest?
852 444 958 465 ceteros
980 436 1141 464 eorumdem
1173 443 1329 474 temporam
1358 437 1478 466 disertos
1502 438 1665 466 antecessit.

148 484 216 523 Qua
238 491 331 514 autem
352 485 464 515 ratione
484 495 625 516 summam
650 489 728 517 illam
757 489 868 518 dicendi
892 489 951 517 vim
980 488 1017 516 sit
1041 494 1233 523 consecutus,
1257 496 1284 516 et
1311 498 1393 525 quem
1418 489 1580 518 studiorum
1601 496 1667 517 cur-

147 543 212 564 sum
241 536 382 573 tenuerit,
412 537 475 574 ipse
503 539 602 568 docuit
625 539 655 568 in
683 540 774 568 Bruto
798 541 946 577 88-96,
975 540 1096 576 ejusque
1125 539 1247 576 vestigia
1275 547 1392 569 secutus
1418 541 1491 569 hanc
1514 539 1665 569 Ciceronis

144 587 220 616 vitae
237 595 346 624 partem
363 589 489 617 suaviter
510 590 708 627 eleganterque
724 591 882 626 enarravit,
904 599 935 619 ac
957 590 991 619 de
1014 591 1076 627 ejus
1096 590 1126 619 in
1146 591 1323 626 Eloquentia
1344 592 1453 621 meritis
1478 592 1586 628 optime
1608 591 1668 619 dis-

147 639 279 675 putavit,
304 640 354 669 Cl.
376 647 475 670 noster
495 641 638 679 IVyttenb.
657 643 686 672 in
706 643 782 671 Biha
806 643 882 672 Crit.
909 642 943 671 P.
956 641 994 673 ΙΙ.
1017 651 1048 677 p.
1062 651 1074 670 1
1088 651 1160 677 —7.
1203 642 1250 670 Ad
1269 643 1489 679 Philosophiam
1507 644 1586 679 quod
1602 642 1670 671 atti·

147 696 216 726 net,
239 700 270 720 ea
292 692 384 720 adhuc
407 691 516 722 Graece
539 694 653 723 tractari
677 694 807 729 solebat,
828 693 950 723 necdum
967 693 1057 721 literis
1078 692 1193 722 Latinis
1214 700 1272 721 erat
1295 694 1455 730 explicata3
1479 701 1549 729 aut,
1572 694 1597 722 si
1617 693 1670 729 qui

149 749 210 770 eam
233 739 337 772 Latine
358 744 465 773 tradere
490 751 516 773 et
541 744 718 774 Graecorum
736 753 822 781 opera
843 753 949 773 vertere
973 751 1139 781 coeperant,
1162 745 1192 773 id
1208 745 1279 773 male
1300 745 1417 774 omnino
1439 752 1466 773 et
1484 745 1580 782 inepte
1595 744 1670 772 fece-

144 798 228 828 rant,
248 794 328 822 nulla
349 801 427 830 arte,
448 796 527 824 nulla
543 796 701 825 disserendi
723 795 905 831 subtilitate,
926 796 1009 824 nullo
1033 795 1172 825 orationis
1188 803 1291 825 ornatu
1313 797 1461 832 adhibito,
1485 803 1517 825 ut
1537 798 1571 825 de
1583 797 1670 825 Ama-

144 842 224 872 saulo
252 845 376 881 quodam
405 852 432 874 et
460 846 581 875 Rabirio
609 847 762 884 Epicureis
790 853 911 876 testatur
939 847 1037 876 Cicero
1066 847 1162 876 Aeaci.
1185 848 1217 883 Ι,
1246 858 1280 884 2,
1309 855 1336 876 et
1361 848 1404 877 ad
1422 848 1496 878 Div.
1522 848 1595 884 XV,
1620 857 1667 884 19.

146 894 201 924 Cf.
223 902 251 925 et
269 896 352 934 Tosc.
374 897 416 925 IV
425 918 436 933 ,
459 906 486 934 3.
523 897 709 936 Quapropter
729 905 805 928 recte
822 899 880 928 alio
899 900 964 928 loco
984 899 1066 927 Tusc.
1090 899 1118 934 1,
1141 908 1177 935 3,
1205 899 1412 938 Philosophia,
1434 900 1550 937 inquit,
1564 899 1669 936 jac-usa

144 945 233 984 nique
263 948 310 977 ad‘
323 943 398 977 ham'·
427 955 572 985 aetatem,
598 959 648 978 nec
674 950 767 979 ullum
796 950 899 978 habuit
926 950 1022 978 lumen
1049 951 1212 980 literarum
1232 951 1426 980 Latinarum.
1482 952 1549 988 Ipse
1578 950 1670 987 igitur

139 997 256 1034 primus
288 1007 347 1028 eam
378 999 492 1029 Latinis
524 1000 615 1030 literis
639 1007 715 1026 recte
744 1001 918 1034 illustravit,
946 1001 1142 1038 adhibitisque
1170 1002 1330 1031 luminibus
1362 1003 1524 1038 Oratoriis‚
1554 1008 1670 1031 omnem

141 1048 343 1082 Graecorum,
376 1050 407 1075 in
429 1047 532 1083 primis
560 1048 765 1084 Xenophontis
788 1056 816 1078 et
831 1050 978 1086 Platonis,
1006 1052 1118 1088 copiam
1146 1059 1174 1082 et
1198 1055 1370 1091 elegantiam*
1391 1055 1557 1092 expressit„
1592 1053 1671 1082 Nam.

142 1097 198 1128 hac
223 1106 342 1134 quoque
362 1104 444 1135 parte
464 1106 495 1127 se
517 1098 618 1128 debere
642 1100 756 1130 civibus
778 1101 840 1130 suis
866 1103 1021 1138 prodesse,
1054 1111 1082 1132 et
1105 1105 1242 1141 optimam
1265 1107 1338 1135 hanc
1363 1107 1481 1136 vivendi
1502 1106 1669 1144 magistram

143 1150 181 1178 ad
204 1157 302 1179 eorum
323 1150 457 1180 notitiam
480 1150 652 1187 transferre,
675 1151 706 1181 in
730 1160 823 1189 eoque
848 1162 880 1183 se
903 1162 1016 1183 omnem
1037 1163 1118 1185 suam
1145 1166 1259 1194 operam
1279 1167 1440 1195 curamque
1461 1160 1615 1197 posuisse,
1636 1162 1669 1183 ¹1¹²

142 1200 191 1236 id,
214 1210 300 1238 quam
322 1201 382 1231 fieri
407 1208 508 1239 posset
530 1203 658 1239 optime,
684 1203 807 1239 faceret,
828 1204 891 1242 ipse
915 1206 1031 1243 saepius
1053 1212 1176 1237 testatus
1201 1216 1261 1246 est,
1289 1211 1383 1240 veluti
1404 1212 1488 1247 Tusc,
1508 1211 1541 1247 Ι,
1563 1218 1595 1242 3³
1618 1205 1664 1241 11,

142 1259 180 1280 12:
203 1253 238 1281 de
257 1255 302 1283 N.
319 1254 362 1284 D.
384 1254 417 1290 1,
438 1263 460 1291 4*
477 1254 507 1284 in
527 1255 628 1291 primis
652 1255 687 1284 de
706 1255 778 1285 Div.
800 1256 843 1292 If,
867 1266 879 1286 1
897 1263 928 1286 et·
941 1267 969 1286 Ξ.
1020 1257 1096 1287 Cum
1117 1266 1212 1289 autem
1237 1269 1406 1297 sequeretur
1428 1263 1531 1291 Cicero
1555 1257 1667 1285 Acade·

139 1302 213 1332 'miae
234 1306 435 1344 disciplinam,
464 1306 549 1345 cnjus
572 1313 632 1337 erat
650 1315 681 1335 ea
709 1308 912 1344 consuetudo,
943 1314 976 1338 ut
996 1309 1031 1337 de
1050 1310 1185 1339 omnibus
1209 1312 1239 1340 in
1260 1317 1411 1346 utramque
1434 1315 1543 1346 partem
1565 1308 1666 1345 dispu-

135 1357 248 1389 tarent,
271 1357 402 1391 quaeque
424 1355 588 1385 viderentur
608 1357 788 1394 probabilia,
811 1365 956 1395 tenerent,
978 1360 1085 1397 duplex
1110 1362 1176 1391 inde
1196 1364 1380 1392 commodum
1406 1361 1546 1398 percepit.
1587 1359 1663 1388 N'am

138 1405 175 1434 ad
198 1406 391 1441 eloquentiam
412 1398 532 1438 maxime
546 1408 662 1446 profuit
681 1408 705 1437 ei
725 1408 793 1437 haec
811 1405 1042 1443 philosophandi
1066 1410 1150 1437 ratio.
1188 1411 1382 1447 Quamobrem
1406 1413 1469 1448 ipse
1487 1412 1611 1448 fatetur,
1634 1419 1666 1440 se

142 1454 294 1486 Oratorem
317 1458 464 1488 exstitisse
479 1460 569 1497 magis
593 1469 626 1489 ex
648 1460 816 1490 Academiae
837 1457 937 1495 spatiis
965 1466 1049 1494 quam
1076 1468 1110 1488 ex
1133 1459 1303 1491 Rhetorum-·
1324 1464 1487 1500 disciplina.
1532 1465 1572 1493 E't
1595 1472 1663 1493 cum

141 1506 199 1543 iis,
223 1508 330 1543 quibus
354 1510 538 1547 propositum
561 1517 622 1547 est,
644 1512 703 1541 veri
726 1511 890 1542 inveniendi
913 1518 1015 1545 causa,
1041 1516 1068 1539 et
1090 1519 1189 1542 contra
1213 1523 1313 1543 omncs
1332 1515 1532 1552 Philosophos
1558 1522 1585 1544 et
1607 1524 1661 1552 pro

143 1559 280 1588 omnibus
304 1560 411 1597 dicere,
442 1570 540 1591 omnes
561 1558 705 1601 percipere
727 1555 897 1602 discipHnas
923 1561 1040 1595 necesse
1062 1562 1120 1601 sit,
1149 1574 1209 1595 non
1231 1566 1400 1596 Academiae
1426 1574 1538 1596 tantum
1559 1567 1664 1605 placita

139 1608 197 1637 sibi
221 1618 371 1647 perspecta
391 1611 492 1641 habere
512 1615 624 1651 voluit,
646 1617 697 1645 sed
715 1622 742 1645 et
764 1617 940 1653 reliquorum
963 1617 1210 1653 Philosophorum
1239 1618 1363 1647 rationes
1385 1619 1521 1648 addidicit
1539 1619 1662 1654 Cicera),

141 1659 285 1695 planeque
299 1663 438 1699 percepit.
481 1664 532 1693 Cf.
554 1666 588 1696 de
608 1667 653 1695 N.
669 1667 711 1695 D.
733 1667 762 1704 I,
784 1675 812 1704 5.
851 1668 932 1707 Quas
953 1677 1023 1697 cum>
1041 1669 1124 1697 etiam
1142 1669 1259 1705 scriptis
1278 1677 1451 1706 exponeret,
1473 1677 1611 1705 suamque
1626 1670 1662 1699 de

142 1708 180 1737 fis
207 1713 374 1737 sententiam
397 1716 550 1745 pind-:nter
573 1726 604 1746 ac
624 1718 711 1747 libere
731 1718 833 1755 ferret,
861 1726 955 1756 patet,
978 1727 1117 1756 quantum
1143 1720 1203 1748 suis
1229 1721 1393 1756 profuerit,
1419 1727 1583 1756 quantaque
1606 1721 1661 1749 ho·

143 1759 188 1788 die
210 1759 269 1788 sint
292 1760 354 1797 ejus
381 1760 411 1789 in
427 1761 616 1801 Philosophia
638 1770 747 1800 merita.
793 1771 849 1800 Sed
869 1771 1003 1808 pluribus
1028 1771 1080 1799 hac
1105 1772 1140 1800 de
1167 1779 1195 1798 re
1219 1779 1278 1799 non
1306 1779 1381 1807 opus
1407 1777 1467 1806 est,
1494 1780 1561 1800 cum
1587 1781 1661 1808 quae

142 1810 180 1841 ad
199 1810 256 1851 hoc
281 1818 480 1856 argumentum
502 1818 663 1858 pertinent,
693 1823 825 1853 omnium
846 1822 955 1860 optime
978 1822 1146 1862 explicuerit
1167 1821 1216 1852 Cl.
1238 1822 1381 1862 llo-tecue.
1409 1823 1431 1851 1.
1449 1830 1476 1853 c.
1501 1823 1534 1854 Ρ.
1553 1823 1610 1856 ΠΙ,
1625 1833 1657 1863 p.

139 1869 260 1899 2—14.

1311 1920 1359 1929 ,11⁴1

941 2037 1003 2074 Ea
1053 2072 1061 2080 ‚
1600 2033 1659 2067 ΙΙ.
