1960 2500
613 214 1130 271 SERIES

269 377 890 419 DISSERTATJONUM
933 377 1484 426 INAUGURALIUM,

420 524 473 557 IN
517 524 795 557 ACADEMIA
839 523 1330 557 LUGDUNO-BATAVA

612 680 794 702 PUBLmr.
837 670 1146 708 DEBENSARUMJ

296 813 371 847 inde
401 827 423 846 a
452 813 482 850 d,
516 813 534 846 8
557 814 729 846 Februaric·
756 813 876 852 1816,
912 814 959 846 ad
996 814 1028 847 d.
1071 814 1090 846 8
1120 814 1287 845 Februarii
1329 812 1445 856 1817.

209 1136 220 1159 1
236 1125 254 1157 8
266 1135 278 1157 1
292 1124 323 1155 6.

140 1180 169 1214 d.
193 1191 214 1223 9
232 1172 406 1210 Februarii.
452 1173 640 1207 Dissertatio
666 1172 708 1204 de
729 1173 910 1207 Pleurinde
934 1185 1026 1214 vera,
1059 1176 1187 1208 defensa
1210 1186 1227 1206 a
1257 1175 1271 1206 J
1282 1185 1301 1206 0
1311 1184 1325 1205 s
1335 1184 1352 1205 e
1361 1172 1413 1216 ph
1421 1183 1441 1203 o
1462 1172 1502 1204 W
1510 1182 1530 1203 u
1540 1182 1558 1214 y
1570 1177 1624 1210 ts·-⁷

358 1239 397 1260 ex
411 1227 515 1270 Heyst
534 1238 576 1270 op
595 1227 659 1258 den
675 1230 755 1271 Berg
766 1252 774 1264 ,
800 1228 958 1260 Brahanto
969 1254 978 1268 ,
1004 1241 1062 1272 pro
1081 1233 1257 1262 Doctorum
1275 1226 1474 1258 Medicinae:

174 1299 185 1320 ι
195 1285 213 1321 3
236 1282 408 1317 Februarii.
455 1283 642 1315 Dissertatio
664 1281 705 1311 cle
727 1281 872 1313 Luminis
894 1284 1031 1314 Actione
1057 1285 1090 1314 in
1123 1294 1236 1326 corpus·
1258 1284 1447 1313 Humanum
1455 1303 1464 1319 ,
1496 1278 1624 1311 defensa

147 1336 152 1341 '
361 1346 379 1366 a
402 1338 494 1367 Petr
504 1346 524 1366 o
547 1334 698 1378 Joseph
708 1345 728 1365 o
751 1336 780 1365 G
791 1345 806 1365 r
817 1345 865 1366 au
875 1347 896 1366 x
910 1359 921 1376 ,
954 1347 994 1368 ex
1019 1337 1240 1380 Harmignies,
1271 1348 1332 1381 pro
1361 1338 1535 1368 Doctoratu
1558 1335 1624 1365 Me·

362 1389 498 1421 dicinae.

171 1446 213 1479 23
236 1444 409 1477 Februarii.
457 1442 646 1474 Dimertasio
671 1440 712 1471 de
726 1440 853 1473 Phthisi
868 1442 1057 1475 Pulmonall
1075 1442 1274 1475 luheren-losa
1305 1441 1472 1484 originali,
1496 1439 1628 1471 defensa*

361 1508 379 1527 a
405 1496 523 1527 Mode
533 1503 593 1527 sto
624 1497 668 1526 Jo
678 1494 806 1538 sepho
837 1495 866 1527 Η
876 1506 1021 1537 awors,
1053 1509 1095 1529 ex
1116 1499 1314 1538 Gemmappe
1324 1519 1332 1534 ,
1364 1507 1423 1538 pro
1450 1497 1628 1525 Doctoratu·

363 1550 552 1581 Medicinae.
899 1581 903 1586 ,

176 1607 217 1644 24
239 1603 412 1635 Februarii.
461 1601 729 1633 Dissertatio
751 1599 797 1631 de
821 1602 864 1631 Se
875 1610 1060 1643 nectute,
1083 1602 1211 1635 defensa
1236 1602 1270 1631 in
1295 1603 1355 1633 Au
1366 1601 1386 1631 d
1397 1601 1406 1631 i
1417 1601 1529 1632 torio
1552 1601 1626 1630 Ma-

363 1656 374 1698 j
388 1657 470 1695 ori,
503 1667 520 1686 a
551 1659 679 1687 Petro
708 1653 910 1697 Limburg
941 1660 1146 1697 Brouwer,
1170 1655 1393 1692 Dordraceno,
1423 1665 1484 1696 pro
1510 1655 1628 1684 Docto·

362 1716 432 1740 ratu
454 1709 638 1740 Medicinae.

177 1775 219 1808 29
242 1763 362 1795 Martii..
405 1762 519 1794 leeses
557 1763 757 1807 (liziurgicae
770 1788 778 1804 ,
800 1764 946 1798 defensae
978 1765 1018 1797 ab
1050 1768 1074 1796 A
1086 1776 1109 1796 n
1120 1771 1132 1795 t
1141 1765 1241 1796 onio
1273 1765 1298 1793 G
1311 1762 1390 1794 ode
1399 1761 1435 1792 fr
1447 1761 1458 1791 i
1469 1760 1488 1792 d
1498 1772 1518 1792 0
1548 1772 1568 1792 v
1578 1770 1594 1791 a
1607 1771 1635 1790 n:

370 1815 392 1847 d
401 1828 417 1847 e
426 1827 441 1846 r
463 1818 516 1847 Lo
526 1828 545 1848 o
555 1841 564 1855 ,
590 1819 683 1860 Sylva
696 1840 704 1844 -
714 1822 853 1852 Ducensi
864 1843 874 1863 2
896 1832 955 1863 pro
972 1821 1146 1850 Doctoratu
1160 1816 1356 1858 Chirur5iae.

183 1872 224 1905 30
250 1871 377 1905 Martii.
422 1870 536 1902 leeses
557 1874 721 1905 Jmidc'cae
735 1899 743 1913 ,
764 1874 910 1907 defensae
934 1887 950 1905 a
973 1876 989 1905 J
999 1885 1018 1905 0
1028 1884 1074 1904 an
1084 1885 1105 1903 n
1116 1884 1133 1904 e
1165 1874 1213 1902 Fr
1224 1883 1238 1901 τι
1251 1883 1269 1900 11
1279 1882 1295 1901 c
1305 1870 1313 1900 i
1325 1881 1338 1899 s
1352 1881 1368 1900 c
1378 1880 1397 1899 o
1421 1867 1582 1912 Bylevel
1592 1866 1631 1907 d⁴²¹

372 1924 590 1969 Medioburgo
609 1927 745 1960 Zelando
758 1952 766 1967 ‚
792 1939 857 1972 pro-
869 1934 1043 1960 Doctoratu
1057 1929 1072 1958 J
1076 1926 1141 1960 uris
1163 1928 1302 1959 Romam
1318 1930 1350 1954 et
1372 1922 1535 1954 nodi-erni.

1448 2027 1489 2060 50
1513 2017 1639 2049 Martii..
