1940 2474
282 178 326 211 ,0
545 168 706 206 -J'ANI
771 159 1137 203 TH'EODORI
1203 172 1531 211 BERGMAN

505 259 620 289 Navem
642 269 729 297 agore
749 261 872 298 ignarus
889 259 972 288 navis
993 260 1098 287 timet:
1113 260 1279 289 abrotonum
1302 271 1389 299 aegro

505 311 575 341 Non
595 312 701 347 audet,
725 313 782 340 nisi
802 313 852 350 qui
869 310 992 345 didicit,
1019 310 1109 339 dare:
1129 312 1206 350 quod
1222 312 1394 341 medicorum
1418 319 1482 349 cst,

502 363 685 392 Promittant
704 363 826 392 medici:
850 366 986 390 tractant
1001 360 1132 396 fabrilia
1149 362 1263 398 fabri:-

504 416 661 444 Scribimus
682 414 790 444 indocti
809 413 939 450 doctique
955 412 1092 450 poimata
1107 415 1226 450 passim.

284 469 393 499 Similia
411 468 472 497 vid.
495 468 525 496 in
547 468 585 496 A.
610 466 644 496 P.
669 474 723 503 295
737 481 768 488 --
786 474 850 502 30¹·
879 473 931 501 379
948 478 981 486 —-
1001 466 1065 500 382.
1086 473 1142 499 412
1161 481 1189 486 ω
1206 467 1282 501 41⁴8,
1303 472 1335 494 et
1351 466 1457 502 passim
1474 467 1504 495 in
1524 468 1724 504 sequentibus.

320 519 472 555 Praecipue
491 524 584 546 autem
611 518 640 546 in
660 526 693 546 eo
714 517 882 546 cernebatur
900 516 967 545 haec
989 515 1108 552 mertIa,
1137 518 1216 552 quod
1244 517 1324 546 metri
1355 518 1435 554 leges>
1457 519 1628 556 migrabant.
1668 520 1797 550 Etiamsi-

281 570 355 600 enim
379 570 495 599 sublato
516 575 608 598 vetere
625 569 759 597 Saturnio
781 576 883 603 versu,
905 567 1081 596 Graecorum
1103 575 1237 597 numeros
1257 568 1286 597 in
1306 569 1429 597 car-mina
1452 578 1505 598 sua
1528 570 1712 600 transferrent
1735 572 1796 601 Ro-

281 623 357 652 mani
384 623 502 659 poetae,
532 629 642 657 eosque
668 620 704 649 ἰιιι
726 620 863 649 omnibus
897 619 1092 654 imitarentur,
1123 627 1233 655 semper
1267 626 1360 649 tamen
1386 620 1468 649 metri
1499 621 1646 658 diligentia
1674 622 1793 652 Graecis

281 674 430 703 inferiores
455 673 591 708 fuerunt,
619 678 860 709 manseruntque,
889 677 922 699 ut
946 671 985 699 ait
1008 670 1149 699 Horatius
1170 671 1190 699 1.
1216 679 1243 698 c.
1270 672 1302 699 in
1325 671 1440 709 longum
1465 681 1566 702 aevum
1594 674 1716 711 vestigia
1742 682 1800 702 ruo

283 726 337 753 ris.
377 724 416 753 Et
441 724 492 752 hac
526 724 556 753 in
579 732 608 752 re
636 724 696 762 jam
719 732 805 760 supra
831 722 866 752 ab
891 730 924 751 eo
955 722 1162 764 reprehensum,
1186 721 1312 751 vidimus
1339 722 1498 753 Plautumz
1523 721 1564 752 cf.
1585 731 1673 761 porro
1695 723 1735 754 A.
1758 723 1800 753 Β..

283 778 336 813 ε’5·ι
359 792 396 799 -
420 783 485 811 274».

974 852 1094 891 Tragici
1097 854 1104 881 ζ

318 929 458 967 Tragicae
486 929 575 967 igitur
595 929 699 960 Musae
718 929 847 959 studium
868 937 938 967 post
960 929 1086 958 Ennium
1106 934 1258 957 tenuerunt
1279 928 1391 958 circiter
1411 929 1448 959 A.
1467 928 1508 959 U.
1530 929 1586 957 600
1608 935 1672 958 ante
1690 929 1732 958 N.
1755 927 1794 958 A.

283 989 338 1019 153
360 981 409 1012 M.
433 981 578 1011 Pacuvius
587 1002 601 1017 ‚.
618 979 839 1017 Bru'ndusinus,
862 982 946 1018 cujus
971 980 1129 1015 Antiopam
1149 988 1184 1009 ex
1203 980 1344 1017 Euripide
1362 988 1530 1010 conversam
1553 979 1681 1010 lauflavit
1698 980 1801 1009 Cicero

279 1033 315 1063 de
334 1035 402 1063 Fm.
426 1033 458 1068 I,
480 1042 516 1062 2:
535 1032 581 1068 V,
609 1041 666 1062 112·
684 1039 712 1062 et
731 1033 828 1062 decem
852 1032 910 1060 fere
932 1032 1016 1061 annis
1044 1039 1145 1068 postea
1174 1032 1213 1062 L.
1236 1033 1362 1069 Accius,
1392 1032 1453 1061 sive
1477 1038 1512 1060 ut
1534 1032 1640 1061 rectius
1661 1031 1800 1062 scribitur

277 1084 371 1122 (Vid.
392 1084 505 1114 Harles.
530 1084 563 1113 P.
581 1085 605 1114 Ι.
629 1086 646 1123 §
665 1094 712 1114 20¹.
738 1094 768 1121 p.
787 1085 869 1122 266)
894 1083 1012 1120 Artius,
1037 1083 1117 1113 idem*
1142 1091 1170 1113 et
1197 1084 1411 1122 tragoediarum
1433 1089 1537 1113 auctor
1564 1090 1592 1112 et
1617 1083 1794 1119 Annalium,

279 1144 356 1171 quos
379 1135 524 1172 Significat
553 1136 614 1165 Cic.
634 1136 665 1166 in
687 1135 783 1165 Bruto
802 1138 847 1164 18.
880 1135 957 1173 (Cf.
987 1133 1066 1162 Em.
1098 1134 1128 1163 in
1152 1134 1224 1173 Cl.)
1262 1135 1307 1165 De
1329 1142 1456 1171 utroque
1480 1135 1621 1165 classicus
1642 1141 1687 1164 est
1709 1135 1797 1164 locus

277 1185 478 1225 Quinctilium
499 1188 541 1224 X,
565 1197 592 1217 1.

316 1238 494 1276 Tragoediae
517 1241 670 1278 scriptores
686 1240 787 1269 Attius
811 1246 900 1279 atquc
921 1240 1086 1275 Pacuvius,
1115 1240 1274 1269 clarissimi
1293 1241 1446 1278 gravitate
1472 1241 1705 1275 sententiarum,
1733 1245 1798 1269 νιν·

277 1289 378 1318 borum
395 1289 522 1328 pondere
547 1296 574 1319 et
597 1293 776 1320 auctoritate
799 1300 1013 1330 personarum:
1038 1297 1165 1320 ceterum
1186 1293 1265 1319 m'tor
1288 1297 1315 1319 et
1337 1301 1448 1320 summa
1470 1293 1503 1319 in
1527 1290 1686 1319 excolendis
1706 1290 1800 1327 operi-

279 1341 329 1369 bus
351 1350 453 1370 manus
474 1343 566 1379 magis
590 1342 686 1372 videri
699 1348 792 1381 potest
809 1343 984 1381 temporibus
1001 1351 1093 1380 quam*
1108 1344 1176 1381 ipsis
1195 1343 1328 1379 defixisse.
1370 1342 1488 1370 Virium
1512 1347 1610 1368 tamen
1629 1339 1714 1367 Attio
1731 1338 1801 1377 plus

280 1394 445 1423 tribuitur:
465 1395 626 1424 Pacuvium
650 1395 746 1425 videri
766 1395 940 1431 doctiorem,
969 1397 1020 1433 qui
1044 1404 1099 1423 esse
1118 1394 1195 1422 docti
1220 1392 1379 1430 affectam,
1408 1392 1516 1422 volunt.
1558 1391 1654 1428 Cujlxs
1674 1390 1733 1419 loci
1754 1389 1798 1418 ula·

280 1444 352 1475 tima
371 1445 456 1475 verba
475 1445 535 1474 fere
553 1446 731 1475 conveniunt
751 1455 817 1475 cum
841 1446 1000 1474 Horatiano
1023 1446 1074 1474 illo
1093 1445 1173 1482 E‘pp.
1195 1445 1240 1479 ΙΙ,
1267 1453 1278 1472 1
1291 1464 1301 1480 ,
1327 1450 1363 1479 55
1387 1451 1434 1479 sq.

587 1486 759 1537 Ambt'gt'tur
783 1501 891 1537 quoties
914 1505 980 1528 uter
1005 1493 1071 1528 utro
1091 1500 1129 1526 stt
1146 1498 1250 1535 prior,
1270 1494 1373 1531 aufert

589 1550 732 1579 Pacuvius
751 1551 834 1579 docti'
843 1551 961 1587 famam
982 1551 1071 1585 senis,
1094 1548 1202 1577 Accius
1221 1547 1289 1575 alti.

283 1599 374 1629 Senex
393 1607 486 1629 autem
508 1601 549 1630 ibi
572 1601 680 1631 dicitur
704 1601 867 1638 Pacuvius,
896 1603 976 1639 quod
1002 1601 1151 1637 octoginta
1174 1607 1265 1628 annos
1295 1604 1380 1627 natus
1410 1596 1536 1625 fabulam
1561 1595 1654 1625 adhuc
1677 1594 1798 1630 docuit,

283 1657 355 1680 teste
373 1652 513 1681 Cicerone
534 1652 564 1681 in
588 1652 680 1681 Bruto
700 1655 747 1688 64.
788 1654 878 1682 Porro
903 1654 959 1682 fuit
987 1654 1130 1689 Attilius‚
1155 1653 1240 1690 cujus
1261 1650 1405 1680 Electram
1427 1659 1442 1679 e
1463 1649 1607 1685 Sophocle
1633 1649 1704 1676 male
1732 1655 1802 1676 con-

283 1709 394 1731 versam
418 1709 611 1731 memorarunt
639 1704 789 1733 Suetonius
810 1705 840 1733 in
866 1705 953 1741 Julio
978 1705 1058 1734 Cacs-
1082 1707 1118 1740 84
1141 1710 1169 1733 et
1194 1704 1295 1733 Cicero
1326 1702 1394 1730 Fin.
1417 1701 1448 1734 Ι,
1472 1709 1509 1734 2,
1538 1699 1586 1727 ubi
1611 1698 1742 1727 additur.-
1765 1698 1800 1727 dc

286 1762 339 1790 quo
363 1753 516 1788 Licinius,
538 1754 673 1790 ferreum
700 1757 891 1794 scriptorem:
918 1766 1019 1786 verum
1050 1758 1169 1794 opinor:
1196 1755 1363 1792 scriptorem
1386 1758 1501 1786 tamen,
1530 1756 1563 1779 ut
1586 1749 1718 1787 legendus
1743 1751 1802 1778 sit:

287 1803 321 1831 ad
343 1812 426 1838 quem
446 1804 544 1833 locum
565 1804 633 1834 haec
655 1807 768 1835 notavit
789 1807 838 1836 Cl.
859 1813 958 1836 noster
980 1806 1213 1843 Wyttenbachius
1227 1805 1257 1834 in
1279 1804 1386 1833 Scholis
1408 1805 1440 1832 in
1463 1802 1522 1831 Cic.
1546 1801 1580 1830 dc
1603 1801 1693 1830 Fim:
1723 1800 1802 1837 „Li-

291 1872 311 1890 ,‚
328 1855 421 1883 cim'us
437 1856 609 1892 cognomine
630 1857 754 1893 Calvus,
775 1858 897 1887 Amicus
916 1858 1084 1894 Ciceronis,
1106 1859 1192 1895 poeta
1202 1864 1229 1887 et
1243 1863 1350 1886 orator.
1390 1855 1459 1884 vid.
1475 1854 1554 1883 Ern.
1570 1853 1600 1883 in
1618 1855 1663 1884 CI.
1681 1863 1712 1892 p.
1733 1862 1799 1891 194.

290 1925 311 1941 „
331 1903 387 1933 Est
405 1905 454 1934 hic
477 1915 578 1937 versus
603 1908 784 1939 Trochaicus
807 1917 969 1939 tetrameter
997 1910 1200 1944 catalecticus,
1226 1909 1280 1944 qni
1302 1912 1416 1936 constat
1435 1913 1543 1943 septem
1564 1906 1688 1944 pedibus
1710 1913 1738 1936 et
1759 1906 1803 1935 di-

291 1976 310 1992 „
331 1955 441 1991 midio‚
469 1964 533 1985 nam
556 1959 602 1988 illa
625 1960 726 1989 ultima
747 1966 779 1989 ut
803 1961 937 1999 legendus
961 1963 998 1991 sit
1023 1968 1093 1991 sunt
1118 1961 1233 1990 initium
1262 1959 1380 1989 secundi
1404 1967 1504 1988 versus
1530 1959 1654 1996 ejusdem
1676 1957 1800 1996 generis.

291 2027 312 2043 ‚,
329 2007 470 2038 Eumdem
490 2008 550 2038 Cic.
573 2009 616 2039 ad
637 2010 704 2041 Act.
725 2011 813 2049 XIV,
839 2021 876 2042 20
905 2012 1093 2043 durissimum
1108 2014 1224 2052 poitam
1246 2010 1373 2042 vocat.’'
1411 2011 1445 2041 C.
1465 2010 1578 2047 Titius,
1605 2015 1702 2040 orator
1717 2015 1802 2046 argu·

1752 2064 1803 2087 mi
