1940 2474
418 154 976 188 COMMENTATIO
1035 158 1361 193 CHEMICA.
1506 174 1510 177 ‘
1593 160 1637 194 65

120 250 149 273 et
170 240 353 278 oxygenium.
394 241 489 279 Quare
513 242 560 270 alii
580 242 653 270 inter
683 247 836 277 utramque
866 242 1032 279 opinionem
1062 245 1184 272 medium
1214 252 1305 274 tenere
1334 246 1426 274 tutius
1452 246 1513 276 fore
1540 255 1635 284 spera-

122 301 209 328 runt,
231 292 431 320 contendentes
451 293 551 328 partim
574 293 708 321 Chemice
728 293 829 328 partim
857 293 1025 323 Mechanice
1047 303 1109 323 esse
1133 296 1288 332 conjuncta
1312 297 1535 334 Atmosphaerae
1555 299 1633 335 prin-

119 344 207 380 cipia.
247 344 350 379 Neque
368 343 433 371 haec
459 344 628 379 hypothesis
648 343 757 372 admitti
784 352 898 379 potest3
928 345 1066 374 Miscelae
1093 346 1167 374 enim
1192 346 1375 376 Mechanicae
1408 349 1477 378 aliae
1501 340 1630 386 proprie-

120 402 194 423 tates
212 401 398 431 competunt,
426 394 494 423 aliae
513 395 683 429 Chemicae;
710 395 779 423 alias
805 396 879 431 leges
903 396 1033 431 seqnitur
1055 396 1248 432 Mechanica,
1275 399 1343 427 alias
1366 399 1522 435 Chemica;
1553 409 1626 436 quo-

120 446 207 474 modo
223 446 320 481 itaque
343 445 471 482 singulas
493 446 594 474 habere
612 446 794 482 singulisque
818 447 939 482 obsequi
960 456 1015 475 una
1038 448 1152 477 miscela
1173 456 1258 484 queat
1276 450 1406 485 equidem
1429 459 1488 480 non
1506 451 1603 481 video.

807 524 835 559 §-
876 524 922 554 68.

154 599 192 628 Π.
219 598 293 628 Cum
320 599 522 635 probaverim,
551 598 690 635 principia
715 600 940 636 Atmosphaerae
968 599 1040 628 inter
1063 609 1092 629 se
1116 610 1176 631 non
1201 603 1338 639 conJ'ungi
1363 602 1550 640 Mechanica,
1574 605 1624 634 sed

115 651 253 680 Chemica
278 650 306 679 vi
331 651 492 686 affinitatis;
516 651 571 678 hoc
586 651 672 679 altero
687 651 753 679 loco
773 651 843 679 mihi
867 658 910 679 est
927 651 1123 687 probandum,
1153 653 1293 689 principia
1316 653 1363 681 illa
1385 662 1416 682 ea
1437 655 1626 690 proportione

116 702 273 731 fortissime
293 702 364 730 inter
384 710 414 729 se
429 702 594 736 cohaerere,
616 710 672 736 qua
692 703 779 730 aerem
800 702 1069 738 Atmosphaericum
1094 704 1212 732 solitum
1230 704 1424 732 constituunt.

151 753 198 781 Ad
213 753 283 780 hanc
299 760 355 779 rem
371 752 543 787 probandam
563 752 682 780 sufficiet
701 760 833 788 notasse,
858 752 883 781 si
906 753 976 788 quid
998 754 1073 782 ultra
1096 755 1168 783 hanc
1188 755 1404 791 proportionem
1428 755 1620 793 Atmosphae-

115 811 160 832 rae
175 804 288 831 accedat
303 823 312 837 ,
335 802 390 830 hoe
405 811 580 838 quocunque
594 804 680 831 modo
693 804 816 840 depelli,
838 810 937 832 eontra
959 813 1046 839 vero,
1072 805 1096 832 si
1117 805 1188 840 quid
1208 805 1416 842 principiorum
1439 808 1624 844 detrahatur,

111 854 351 889 Atmosphaeram
372 853 508 889 reliquam
531 854 560 882 vi
579 854 721 883 affinitatis
743 855 885 883 defectum
911 855 1060 884 restituere
1083 856 1191 884 conari.
1233 857 1391 892 Sequentes
1407 858 1623 889 observationes

111 905 184 934 hanc
206 913 262 933 rem
284 904 464 933 confirmant.

152 964 178 983 1.
201 955 354 991 Respirent
373 954 402 983 in
421 957 528 991 templo
550 965 600 992 per
614 956 726 992 aliquot
750 957 834 985 horas
860 959 1022 993 complures
1040 958 1187 994 homines;
1216 961 1318 995 procul
1337 960 1425 989 dubio
1445 960 1486 988 sic
1512 961 1619 997 ingens

112 1015 166 1043 gaz
197 1006 330 1042 oxygenii
363 1006 449 1042 copia
480 1007 588 1034 deletur
609 1008 643 1036 de
673 1009 732 1036 a'ere
757 1009 896 1044 templum
927 1010 1053 1045 replente
1069 1030 1079 1044 a
1106 1017 1263 1046 magnaque
1288 1011 1397 1039 accedit
1420 1005 1566 1047 eraquae
1594 1005 1623 1041 et

109 1057 182 1086 acidi
204 1057 350 1085 carbonici
376 1057 541 1093 quantita53
571 1058 596 1086 si
617 1058 684 1094 quis
708 1059 819 1087 interim
843 1060 920 1087 hunc
940 1060 1027 1087 aerem
1056 1061 1178 1089 examini
1200 1062 1353 1098 subjiciat,
1381 1061 1411 1090 in
1436 1063 1492 1091 hoc
1518 1063 1567 1100 vir(
1590 1072 1624 1092 ac

108 1117 146 1137 ne
170 1109 218 1137 vix
243 1108 356 1144 quidem
376 1108 593 1144 proportionem
620 1110 760 1138 turbatam
791 1110 919 1146 reperiet.
964 1111 994 1139 Si
1020 1112 1065 1139 a'er
1085 1113 1186 1148 templi
1206 1119 1309 1149 exacte·
1331 1112 1436 1141 fuisset
1470 1121 1619 1150 separatus

107 1159 142 1188 ab
167 1160 228 1187 aere
251 1166 367 1188 externo
388 1159 573 1196 circumfluo,
595 1161 805 1196 proculdubio
834 1161 1007 1190 inveniretur
1024 1163 1176 1199 proportio
1195 1164 1330 1199 turbata3
1361 1164 1428 1191 haec
1451 1164 1565 1193 interim
1589 1165 1621 1193 in

106 1217 263 1239 memorato
288 1210 385 1246 templi
405 1212 464 1239 aere
482 1220 540 1240 non
561 1211 600 1240 ita
621 1211 771 1248 detegitur.
820 1212 876 1241 Est
901 1219 993 1241 tamen
1021 1214 1092 1242 aeris
1121 1216 1259 1250 templum
1289 1215 1424 1250 replentis
1449 1224 1514 1243 cum
1533 1215 1622 1243 libera

105 1261 315 1297 Atmosphaera
346 1262 550 1290 commercium
581 1269 656 1290 arcte
685 1262 838 1291 limitatum
857 1284 867 1298 ‚
896 1264 935 1291 ita
961 1271 993 1292 ut
1018 1265 1075 1293 nisi
1101 1265 1131 1293 vi
1162 1265 1269 1302 insigni
1300 1267 1376 1293 aerea
1405 1265 1473 1294 haec
1504 1265 1621 1294 miscela.

100 1311 251 1348 exygenio
278 1313 371 1340 multo
393 1313 490 1340 orbata
515 1321 623 1345 novum
656 1313 807 1341 attraheret
833 1315 1030 1350 oxygenium,
1060 1322 1087 1343 et
1113 1324 1164 1351 per
1193 1316 1407 1352 respirationem
1441 1318 1618 1353 productum

103 1362 217 1391 acidum
241 1362 427 1391 cau-bonicum
459 1370 486 1391 et
515 1372 604 1398 aquae
630 1372 764 1399 vaporem
792 1365 826 1392 de
849 1373 879 1393 se
899 1367 1062 1402 repelleret,
1094 1367 1148 1396 hoc
1179 1367 1381 1396 commercium
1413 1368 1448 1396 ad
1477 1368 1621 1396 turbatam

103 1414 323 1449 proportionem
347 1415 549 1442 restituendam
571 1421 646 1443 certe
666 1423 725 1443 non
748 1415 899 1444 sufficeret.

142 1464 247 1492 Foetor
264 1464 328 1492 talis
353 1465 423 1492 aeris
443 1465 564 1493 declarat
580 1466 708 1500 abunde,
726 1466 854 1494 animalis
874 1467 993 1503 originis
1016 1467 1133 1496 effluvia
1151 1469 1208 1504 ipsi
1221 1469 1291 1497 satis
1309 1469 1358 1498 diu
1377 1470 1524 1498 adhaerere
1538 1470 1616 1508 (7).

101 1515 317 1545 Eudiometrica
335 1524 400 1543 vero
421 1515 533 1550 aliaque
549 1515 684 1543 Chemica
698 1516 885 1551 experimenta
904 1524 1063 1553 testantur,
1085 1519 1200 1554 propria
1222 1526 1249 1547 et
1271 1520 1348 1548 unita
1368 1520 1397 1548 vi
1425 1522 1513 1548 aerem
1535 1521 1569 1549 de
1586 1529 1617 1549 se

102 1567 234 1603 repellere
252 1566 411 1602 principia,
427 1575 499 1602 quae
513 1568 586 1595 ultra
602 1567 718 1595 modum
738 1575 890 1604 praesunt,
914 1578 985 1605 quae
997 1569 1191 1598 desiderentur
1208 1572 1365 1607 attrahere,
1384 1578 1417 1599 nt
1437 1573 1515 1609 justa
1530 1572 1615 1609 copia

99 1618 199 1646 omnia
223 1617 436 1654 conjungantur
455 1617 608 1654 principia.

142 1678 171 1697 2.
197 1668 285 1706 Quod
316 1674 427 1697 montes
449 1669 608 1705 ignivomi,
640 1669 802 1699 immensam
834 1671 967 1708 oxygenii
989 1672 1101 1708 copiam
1127 1680 1162 1701 ex
1186 1672 1396 1709 Atmosphaera
1430 1673 1616 1710 haurientes,

102 1726 136 1748 nt
152 1719 293 1754 vidimus,
314 1719 343 1747 in
369 1720 570 1757 deflagratione
593 1721 756 1750 diutissime
775 1729 910 1759 pergant3
934 1730 965 1751 ut
992 1724 1068 1752 haud
1087 1732 1149 1752 raro
1175 1723 1302 1752 obtinuit
1323 1733 1389 1752 cum
1414 1725 1522 1760 Aetna,
1554 1725 1611 1753 Ve-

98 1770 208 1805 suvio,
230 1770 337 1805 HecIa,
359 1771 442 1807 aliis;
466 1772 603 1807 quothue
622 1773 753 1808 homines
777 1780 805 1801 et
821 1774 950 1802 animalia
968 1776 1002 1803 ad
1018 1774 1132 1803 crateris
1146 1774 1266 1803 vicinias
1286 1783 1344 1804 non
1362 1775 1533 1811 repellantur
1549 1776 1615 1813 (8)

99 1829 153 1857 eo,
175 1822 254 1857 quod
274 1829 332 1850 non
354 1822 464 1850 valeant
483 1823 640 1859 respirare,
662 1830 784 1853 testatur
800 1825 834 1854 de
853 1825 882 1854 vi
910 1826 1068 1855 attracti-icc
1090 1826 1314 1861 Atmosphaerae
1341 1826 1375 1854 ad
1404 1825 1612 1857 restituendum

100 1871 274 1909 oxygenium
297 1872 495 1909 deflagratione
517 1875 652 1904 deletum.

1581 1923 1609 1950 3·

127 1986 184 2015 (7)
198 1987 252 2008 Vid-
265 1988 324 2010 Clar.
341 1988 468 2016 ung-mm,
484 1996 530 2011 ner
542 1990 565 2011 de
577 1992 698 2018 gmemret'd
709 1993 740 2014 dn
752 1993 890 2020 Da-pkringr
903 1998 949 2015 ent.
959 2008 968 2019 ‚
982 1999 1031 2021 pag.
1046 1999 1082 2019 32.
1099 1994 1118 2020 §.
1134 1998 1169 2020 34.
1553 2011 1556 2015 ›

126 2026 179 2056 (8)
195 2028 245 2051 vm.
259 2029 360 2056 Magazyn
368 2029 408 2056 fur
421 2030 456 2051 du
468 2037 546 2052 nauem
557 2039 591 2053 am
604 2033 639 2054 dn
652 2034 727 2061 Phju‘k
741 2034 783 2055 and
792 2035 972 2061 Natmgmhiehn
985 2041 1022 2057 von
1041 2035 1067 2062 J.
1077 2035 1104 2057 H.
1111 2036 1185 2062 Veia,
1201 2034 1330 2057 Tom.V111.
1348 2036 1359 2054 ²
1376 2033 1437 2055 '¹⁴⁷5
1454 2033 1476 2054 S·
1487 2036 1526 2059 ¹49
1541 2031 1606 2058 53‘1‘23

899 2075 909 2102 1
