1940 2474
408 161 925 194 COMMENTATIO
983 161 1312 193 CHEMICA.
1576 157 1623 193 63

109 251 151 280 las
179 251 289 280 solutas
307 248 418 278 ferens:
438 255 579 286 praeterea
599 247 713 284 saepius
740 247 795 284 fit,
818 254 851 278 ut
872 256 906 278 cx
928 248 1071 277 similibus
1092 248 1356 285 pi-aeparationibus
1384 246 1483 276 ferreis
1511 247 1616 276 arseni—

106 302 150 332 cis
172 301 238 330 talia
254 310 307 338 gaz
331 301 496 330 metalliFera
519 300 664 335 oriantur3
686 299 780 327 eadem
801 308 869 328 vero
887 301 998 328 metalla
1019 309 1083 329 cum
1108 308 1160 336 gaz
1185 299 1360 337 hydrogeiiio
1383 300 1493 328 nullam
1515 299 1615 328 ineunt

103 353 259 390 copulam,
281 352 338 381 nisi
354 352 384 381 in
400 351 536 380 auxilium
553 357 654 381 vocata
676 352 761 387 longe
782 351 875 380 altiori
896 357 1096 387 temperatura.

143 405 252 434 Forsan
276 413 310 433 ex
337 403 479 440 eiusmodi
502 412 554 441 gaz
580 401 756 432 metalliferis
784 402 915 432 nesolithi
943 402 1080 439 originem
1103 403 1267 440 d'educunt;
1296 404 1400 440 procul
1421 402 1512 432 dubio
1539 402 1613 433 enim

102 456 171 486 talia
191 464 244 493 gaz
267 456 506 492 Atmosphaeram
530 455 692 491 frequenter
718 454 926 491 ingr-eliuntur‘.
972 454 1089 483 Interim
1113 462 1266 485 memorata
1294 455 1384 484 thesis
1409 455 1485 484 haud
1503 453 1620 483 difficile

101 507 271 544 explicanda
292 507 422 543 videtui-3
449 506 560 535 scilicet
582 512 715 541 constat,
744 515 804 541 quo
830 506 960 542 corporis
989 507 1119 543 cujusvis
1145 507 1300 543 particulae
1329 506 1419 544 magis
1449 513 1476 535 et
1500 506 1618 536 tenuius

103 561 163 590 sint
181 559 309 595 divisae,
331 558 351 587 i.
365 567 390 587 e.
415 567 474 594 quo
498 558 588 595 magis
610 557 759 586 imminuta
782 558 820 586 sit
840 557 959 586 affinitas
981 557 1205 594 aggregationis,
1226 567 1260 587 eo
1278 558 1392 587 facilius
1410 564 1437 586 et
1454 558 1619 595 promptius

100 612 254 649 procedere
267 610 428 640 affinitatem
442 609 681 646 compositionis;
703 610 758 646 jain
779 609 984 646 intelligimus,
1007 608 1136 638 materies
1156 617 1362 645 quascunque,
1382 609 1531 646 praecipue
1548 618 1619 645 quae

103 664 198 693 solent
223 661 396 700 gazformem
420 661 520 690 faeiem
543 661 674 696 induere,
695 669 730 689 eo
754 667 916 696 momento,
939 668 997 696 quo
1015 659 1142 689 vinculis
1162 660 1335 696 liberantur,
1358 661 1465 696 quibus
1488 661 1620 690 cohaere-

102 715 172 744 bant
199 715 228 743 in
246 714 451 743 constituendo
475 713 573 748 aliquo
600 721 721 749 corpore
743 712 907 748 composito
917 732 932 747 ,.
957 711 1094 740 minorem
1114 711 1215 741 habere
1234 712 1434 741 cohaesionem
1459 712 1532 740 inter
1552 720 1619 741 suas

103 766 258 803 particulas
278 766 486 801 homogeneas,
509 773 593 799 quam
617 764 641 792 si
661 772 711 800 per
731 771 845 800 tempus
862 763 980 799 aliquod
1001 763 1056 791 sibi
1080 764 1275 799 commiseris,
1296 773 1355 800 quo
1378 763 1516 800 arripiant
1535 771 1620 792 occa·

103 816 213 846 sionem
239 815 303 844 talis
324 814 432 843 formae
452 814 652 850 assumendae,
675 823 760 850 quam
781 815 863 851 jubet
885 815 1016 844 materiae
1036 815 1154 844 indoles
1172 821 1198 843 et
1220 815 1291 843 aeris
1314 815 1425 851 pressio
1449 815 1600 851 permittit.

140 868 195 897 His
220 866 383 904 praemissis
407 866 572 901 videamus,
597 873 737 902 quatenns
759 867 826 895 haec
852 876 897 896 res
917 867 1157 903 Atmosphaeram
1177 873 1299 903 spectet.
1321 885 1356 890 -
1382 867 1507 895 Constat
1529 867 1620 896 multa

101 927 241 956 corpora,
262 919 330 947 dum
347 918 376 946 in
389 918 625 954 Atmosphaeram
640 918 825 953 emittuntur,
846 919 951 947 versari
966 918 995 947 in
1010 918 1097 946 simili
1113 918 1296 952 conditione,
1318 926 1343 946 e.
1360 926 1388 954 g.
1412 927 1464 954 gaz
1478 918 1621 954 hydroge-

102 971 198 1006 nium,
221 970 300 1006 quod
323 977 357 997 ex
384 969 584 1005 compluribus
607 969 906 1006 decompositionibus
927 970 956 999 in
975 969 1214 1005 Atmosphaeram
1241 969 1348 1006 surgit:
1380 969 1491 997 interim
1513 978 1621 998 ammo-

100 1022 148 1052 nia
165 1029 313 1057 nunquam
335 1020 364 1049 in
382 1020 591 1056 Atmosphaera
612 1021 776 1056 invenitur,
799 1021 855 1050 nisi
873 1021 905 1050 in-
922 1030 955 1050 eo
978 1028 1069 1050 strato
1091 1021 1181 1056 aens,
1209 1021 1256 1049 cui
1277 1020 1398 1049 formata
1422 1020 1564 1049 ammonia
1585 1029 1619 1049 ex

99 1073 277 1110 corporibus
294 1071 527 1108 putrescentibus
550 1072 687 1108 traditum
719 1072 816 1108 itaque
838 1081 975 1109 quaenam
1000 1073 1037 1101 sit
1057 1072 1104 1101 vis
1126 1072 1286 1108 quaerimus
1309 1072 1449 1108 omnino,
1475 1071 1619 1108 quae-im·

100 1124 215 1162 pediat,
243 1123 402 1160 quominus
426 1123 567 1160 ejusmodi
593 1132 645 1161 gaz
671 1124 884 1161 hydrogenium
907 1132 976 1153 cum
999 1133 1055 1161 gaz
1081 1130 1167 1153 azoto
1190 1124 1260 1153 aeris
1287 1124 1459 1153 Chemicam-
1480 1125 1616 1161 copulam

98 1174 184 1204 ineat.
217 1174 324 1203 Nonne
338 1175 564 1210 respondeamts
578 1181 711 1212 oportet,
732 1175 897 1205 affinitatem
917 1183 970 1212 gaz
986 1175 1062 1204 azoti
1078 1185 1144 1206 cum
1161 1176 1282 1212 reliquis
1302 1176 1374 1205 aeris
1397 1175 1550 1212 principiis
1568 1184 1618 1204 su·

99 1235 196 1264 perare
210 1226 272 1255 vim
289 1234 341 1262 gaz
359 1226 438 1254 azoti
450 1233 478 1254 et
494 1235 547 1263 gaz
561 1227 743 1264 hydrogenii.
784 1228 825 1256 At
839 1236 922 1264 saepe
936 1227 996 1256 fieri
1011 1227 1154 1264 quispiam
1170 1227 1246 1256 forte
1257 1227 1378 1262 dixerit,
1399 1233 1432 1255 ut
1447 1226 1619 1256 carbonium

98 1278 130 1308 in
149 1277 236 1306 simili
254 1277 429 1306 evolutionis
442 1277 609 1306 conditione
624 1278 679 1307 sub
692 1279 843 1315 putredine
861 1285 1003 1308 versatum
1019 1279 1074 1307 aeri
1090 1278 1263 1316 oxygenium
1276 1279 1389 1313 demat,
1411 1285 1440 1307 et
1456 1278 1486 1307 in
1502 1278 1617 1308 acidum

96 1328 283 1358 carbonicum
302 1334 452 1364 vertatur,
472 1334 505 1357 ut
520 1328 578 1357 sub
588 1330 681 1357 eadem
697 1330 863 1359 conditione
879 1337 998 1359 azotum
1012 1338 1077 1359 cum
1095 1336 1179 1367 rapto
1193 1330 1337 1367 oxygenio
1353 1329 1383 1359 in
1402 1330 1513 1359 acidum
1532 1331 1614 1360 nitri-

96 1389 162 1409 cum
186 1381 278 1409 abeat.
300 1397 335 1403 —
365 1379 410 1408 Ea·
427 1386 521 1408 autem
544 1381 738 1417 phaenomena
757 1381 830 1410 nihil
850 1382 928 1411 aliud
947 1382 1019 1418 quid
1041 1382 1188 1419 probant,
1207 1390 1292 1417 quam
1313 1382 1393 1417 quod
1418 1382 1446 1410 in
1464 1390 1498 1410 eo
1520 1390 1613 1411 rerum

95 1438 172 1460 statu
202 1437 354 1460 memorata
384 1431 526 1468 principia
550 1433 684 1468 majorem
713 1441 779 1460 cum
809 1433 880 1461 alitis
911 1433 1059 1470 oxygenio
1078 1434 1175 1462 colant
1209 1433 1371 1462 affinitatem
1386 1453 1397 1468 ‚
1428 1441 1513 1469 quam
1544 1434 1615 1463 aeris

95 1482 237 1521 principia
263 1482 337 1510 inter
359 1490 408 1518 se3
429 1489 457 1511 et
480 1491 536 1512 rem
561 1491 623 1512 sese
642 1490 681 1512 ita
702 1483 823 1519 habere,
845 1490 982 1519 apparet,
1005 1484 1034 1512 si
1053 1493 1106 1520 gaz
1126 1491 1242 1512 azotum
1263 1491 1292 1512 et
1312 1484 1398 1513 carbo
1426 1483 1455 1513 in
1477 1491 1614 1513 contactu

96 1535 184 1564 ducas
204 1542 271 1563 cum
292 1534 372 1568 aete,
399 1535 514 1570 quando
530 1535 642 1563 nullum
660 1543 711 1572 gaz
727 1535 844 1564 acidum
856 1534 1041 1564 carbonicurn
1061 1542 1089 1564 et
1107 1535 1242 1564 uitricum
1263 1535 1421 1565 obtinebis.

133 1586 317 1615 Affirmamus
339 1585 450 1614 interim
461 1606 471 1621 ,
488 1594 547 1614 earn
572 1586 664 1623 ipsam
685 1587 898 1622 conditionem,
915 1587 970 1615 sub
992 1596 1049 1624 qua
1064 1587 1157 1616 variae
1172 1587 1303 1617 mter-ies
1320 1587 1349 1617 in
1366 1588 1611 1624 Atmosphaeram

97 1637 285 1672 emittuntur,
316 1645 450 1673 magnum
472 1644 536 1665 esse
560 1637 766 1667 adminiculum
792 1637 863 1667 afiris
883 1638 1056 1674 aequilibrio
1081 1639 1279 1668 conservando
1290 1648 1302 1675 3v
1330 1639 1390 1675 sic,
1412 1640 1479 1667 dum
1502 1648 1611 1669 memo-

96 1696 155 1717 rata
178 1689 287 1717 ratione
307 1689 485 1717 evolvuntur
500 1696 537 1717 ex
555 1689 690 1718 indicatis
709 1689 846 1720 fontibusv
864 1700 917 1728 gaz
939 1693 1113 1728 oxygenium
1139 1700 1166 1721 et
1189 1701 1242 1729 gaz
1264 1699 1402 1728 azotum,
1421 1693 1611 1731 intelligimus

96 1740 160 1770 inde
189 1741 261 1769 aeris
283 1740 484 1776 aequilibrium
514 1742 696 1778 promoveri;
720 1749 764 1771 est
787 1743 862 1772 enim
888 1750 962 1773 certa
985 1744 1104 1773 affinitas
1128 1744 1202 1773 inter
1219 1745 1289 1774 aeris
1315 1751 1431 1781 partes;
1447 1743 1559 1781 'itaque
1583 1745 1610 1774 si

95 1793 266 1822 evolvantur
287 1800 340 1829 gaz
362 1799 478 1821 azotum
500 1799 527 1821 et
558 1793 735 1829 oxygenium
755 1794 862 1825 habent
883 1804 941 1825 eam
968 1797 1232 1831 modificationem,
1258 1805 1319 1825 eam
1339 1796 1524 1832 facultatem,
1552 1805 1609 1832 qua

94 1843 180 1873 facile
201 1850 227 1872 et
244 1850 357 1880 promte
380 1844 452 1873 hanc
480 1844 646 1873 affinitatem
673 1845 804 1875 intrent:
827 1854 968 1883 practerea
989 1848 1054 1877 exin
1077 1847 1287 1884 intelligimus,
1314 1848 1462 1884 quomodo
1490 1847 1614 1884 quaevis

95 1895 279 1931 heterogenea
296 1896 325 1924 in
349 1897 437 1923 aerem
455 1895 584 1925 immissa
604 1896 679 1924 haud
706 1898 782 1926 tarde
804 1906 910 1935 queant
929 1900 1121 1940 decomponi;
1143 1908 1230 1938 quam
1250 1909 1307 1930 rem
1330 1900 1452 1930 ulterius
1469 1899 1608 1936 probare,

95 1953 144 1975 aut
162 1947 299 1984 exemplis
319 1947 460 1977 illustrare
478 1948 565 1986 hujus
590 1949 649 1978 loci
669 1957 730 1980 non
754 1956 812 1979 estr

1505 2055 1535 2092 5,
1557 2055 1612 2092 67..
