1940 2474
288 156 333 198 ῃ,
559 157 714 190 JANI
781 153 1548 197 THE-ODORI'BERGMAN

293 245 405 274 Graeco
426 249 584 282 κκταςολῇ,
614 252 670 280 qua
694 253 766 273 voce
796 244 993 273 Romanorum
1019 246 1155 275 ricinium
1177 246 1372 284 significatum
1397 249 1490 279 fuisse
1507 251 1642 282 videtur:
1672 255 1722 283 sed
1740 254 1808 286 haee

296 296 409 333 quidem
433 302 577 331 postrema
597 295 751 332 appellatio
773 296 958 331 recentioris,
990 305 1073 332 quam
1100 298 1134 326 de
1156 307 1211 334 qua
1239 308 1293 328 nos
1316 300 1446 337 agimus,
1471 303 1570 332 aetatis
1594 305 1708 334 videtur
1729 314 1804 335 esse.

299 347 370 384 Egit
394 347 427 375 de
451 354 575 382 utroque
596 347 653 375 hoc
671 346 824 375 mimorum
847 356 944 383 genere
965 347 1095 378 vaens
1116 350 1131 385 §
1149 357 1166 385 5
1182 357 1209 379 et
1225 353 1252 379 6.

331 397 436 427 Paucis
457 398 636 426 memoranda
654 405 785 434 superest
796 398 905 434 fabula
924 398 1140 436 Rhinthom'ca,
1163 410 1234 438 quae
1256 409 1283 430 et
1301 403 1566 442 Hilarotragoedia
1585 413 1614 435 et
1631 395 1810 446 φλυακογρω.

294 451 367 487 mla,
391 449 456 478 'rtem
479 449 586 477 Italica
608 449 757 478 Comoedia
780 449 855 478 dicta
877 456 932 479 est.
972 451 1085 480 Auctor
1105 453 1167 489 ejus
1193 453 1249 482 fuit
1269 454 1422 484 Rh-inthon
1445 456 1637 493 Tarentinus,
1658 459 1809 495 eademque

297 501 492 530 inclaruerunt
514 502 635 531 Asceras
660 509 688 531 et
718 503 846 531 Blaesus.
895 502 964 541 Quo
984 511 1077 534 metro
1099 513 1171 533 usus
1195 505 1283 535 fuerit
1304 506 1473 544 Rhinthon,
1502 515 1598 537 utrum
1628 509 1810 546 hexametro,

296 561 332 582 an
355 562 421 582 vero
439 553 569 590 Jambico
596 554 731 589 Senario‚
765 562 823 583 non
846 555 956 590 iiquet:
986 559 1078 591 neque
1102 555 1221 584 omnino
1240 564 1354 586 constat
1372 559 1452 587 inter
1474 560 1597 596 doctos,
1622 561 1716 596 qualis
1741 561 1810 590 haec

294 601 495 632 Riiinthonica
515 603 671 632 Comoedia
689 603 794 640 fuerit3
817 605 882 634 aliis
905 615 965 635 eam
988 614 1080 642 neque
1100 613 1239 636 cantatam
1263 609 1351 645 olim,
1373 618 1467 646 neque
1484 612 1633 646 sanatam,
1655 620 1748 647 neque
1763 621 1810 640 ac-

294 660 351 683 tam
377 653 468 683 fuisse
489 654 682 691 putantibus3
705 655 769 684 aliis
793 657 995 693 censentibus,
1016 666 1074 686 eam
1092 657 1184 687 fuisse
1200 659 1323 696 Satyrici
1342 662 1476 690 dramatis
1499 662 1609 701 origine
1632 663 1725 694 Attici
1746 662 1811 693 imi·-

293 704 452 741 tationem,
475 712 502 734 et
525 706 616 743 ipsam
641 706 670 737 in
688 707 778 737 scena
801 709 928 739 exhiberi
949 709 1075 739 solitam.
1116 710 1184 741 de.
1205 711 1338 743 Reuvens
1359 713 1437 743 Sect.
1453 713 1504 744 ΠΙ.

995 795 1111 824 Satira.

332 860 484 898 Quidquid
507 869 600 892 autem
629 865 716 902 hujus
750 867 807 902 sit,
837 869 898 897 sive
920 869 1009 899 fuerit
1032 871 1081 899 illa
1107 871 1263 901 Comoedia
1288 871 1486 901 Rhinthonica
1513 872 1609 908 ipsum
1631 871 1809 901 Graecorum

296 911 390 940 drama
411 913 582 951 Sadricum,
611 915 714 946 Latine
741 927 928 955 expressum,
956 921 1017 950 sive
1038 923 1172 952 carminis
1198 931 1287 960 genus
1312 923 1440 951 moribus
1465 923 1598 951 notandis
1624 923 1703 959 apti3
1735 923 1811 952 haud

290 963 357 991 —scio
379 972 414 992 an
444 965 511 994 hinc
533 969 682 1004 repetenda
706 970 744 998 sit
767 970 848 1008 origo
877 971 948 1001 novi
980 973 1103 1003 Po'eseos
1132 975 1258 1012 generis,
1289 974 1368 1010 quod
1388 974 1443 1002 hac
1466 979 1555 1002 aetate
1575 973 1705 1009 astitit,
1733 974 1815 1002 'Sati-

292 1021 365 1048 rae,
387 1015 429 1043 sic
453 1016 545 1046 dictae
570 1027 586 1048 a
609 1029 680 1049 voce
700 1022 811 1058 Satur,
842 1023 952 1060 quippe
978 1034 1051 1061 quae
1078 1033 1136 1054 erat
1163 1034 1276 1054 carmen
1295 1025 1416 1054 mordax
1440 1025 1525 1053 variis
1547 1024 1632 1053 rebus
1655 1024 1811 1060 refertum,

293 1063 421 1101 adeoque
443 1068 534 1103 probe
561 1069 764 1108 distinguenda
787 1082 803 1101 a
825 1072 1003 1103 Graecorum
1027 1076 1151 1106 dramate
1171 1077 1315 1114 Satyrico.
1362 1077 1447 1106 Certe
1466 1077 1522 1105 hoc
1543 1084 1679 1113 apparere
1699 1076 1813 1106 videtur

293 1122 327 1143 ex
349 1116 414 1146 loco
436 1118 514 1155 Lydi
534 1120 800 1161 philadelphenos,
823 1133 906 1161 quem
927 1125 1058 1155 iaudavit
1079 1127 1257 1156 Retwensius
1278 1137 1308 1164 p.
1331 1128 1385 1164 69,
1401 1127 1458 1156 *uhi
1481 1134 1636 1164 postquam
1661 1128 1696 1156 de
1719 1127 1814 1157 Rhin-

293 1165 382 1196 thone
403 1169 529 1207 dixerat,
549 1172 644 1203 addit:
672 1175 704 1209 ἒξ
725 1175 756 1205 οὗ
778 1179 880 1212 πρῶτος
901 1178 994 1214 λαβὼν
1010 1180 1062 1212 τὰς
1086 1177 1215 1216 ἀφορμὰς
1237 1180 1379 1212 Λουκίλιος
1395 1181 1408 1210 ὁ
1425 1181 1554 1216 Ῥωμαῖος
1579 1179 1696 1217 ἥρωῖκοῒς
1714 1178 1809 1210 ἔπεσιν

294 1218 471 1257 ἓκωμῷδητε,
491 1222 511 1250 i.
530 1231 557 1252 e.
574 1225 706 1254 versibus
719 1227 842 1255 heroicis
856 1229 959 1266 poetae
977 1228 1085 1259 Comici
1106 1241 1184 1260 more
1201 1232 1379 1270 perstrinxit
1401 1232 1546 1260 hominum
1566 1232 1661 1267 vitia,
1691 1231 1735 1260 uti
1753 1230 1815 1260 vim.

290 1270 374 1298 verbi
396 1274 528 1308 κωμωδεῑν
558 1282 632 1304 recte
659 1277 734 1313 cepit
758 1277 893 1309 Reuvens
920 1290 950 1317 p.
975 1284 1029 1317 85:
1059 1289 1120 1311 tum
1148 1283 1251 1317 etiam,
1290 1289 1322 1311 ut
1351 1283 1389 1311 ita
1411 1283 1584 1318 sentiamus,
1614 1282 1726 1311 faciunt
1748 1283 1812 1311 loca

292 1319 417 1349 Acrom's
440 1329 468 1351 et
491 1323 648 1362 Porphyr'ii
673 1328 708 1355 ad
733 1328 806 1357 Hor.
832 1330 897 1360 Sat.
919 1333 952 1367 i,
973 1341 1026 1368 10,
1053 1335 1109 1368 64,
1133 1334 1167 1362 ab
1192 1334 1290 1362 eodem
1314 1334 1397 1361 allata
1422 1341 1452 1366 p.
1471 1335 1518 1359 81.
1569 1333 1703 1359 Lucilius
1725 1333 1814 1368 igitur

287 1371 380 1408 hujus
404 1374 513 1410 generis
528 1376 642 1412 primus
662 1385 764 1408 auctor
784 1381 905 1410 exstitit.
947 1383 1022 1412 Nam
1046 1385 1178 1419 quamvis
1193 1386 1248 1420 jam
1267 1381 1409 1419 superiori
1435 1388 1562 1418 tempore
1587 1381 1694 1410 Satiras
1717 1383 1811 1419 scrip-

291 1423 397 1452 sissent
424 1425 556 1455 Naevius
580 1435 608 1456 et
640 1429 754 1458 Ennius
781 1431 868 1467 (vid.
891 1433 1012 1462 Harles.
1042 1434 1074 1462 P.
1092 1435 1116 1462 1.
1145 1443 1177 1470 p.
1197 1443 1251 1469 174
1273 1440 1300 1462 et
1327 1435 1400 1468 188,
1429 1434 1464 1461 ab
1488 1441 1580 1467 eoque
1600 1433 1735 1463 iaudatus
1757 1433 1812 1463 Ca·

288 1475 431 1504 §uubanus
452 1477 487 1505 de
508 1478 640 1508 Satis-ica
658 1481 740 1509 Poe's'i
754 1482 808 1517 ΙΙ,
828 1485 867 1521 2)
890 1484 999 1520 primus
1021 1492 1133 1520 tamen,
1156 1485 1207 1521 qui
1236 1486 1345 1514 landem
1371 1485 1399 1514 in
1417 1484 1473 1513 hoc
1497 1492 1595 1521 genere
1619 1484 1675 1513 sibi
1692 1493 1809 1521 compa-

291 1533 384 1562 raret,
413 1535 489 1558 recte
511 1530 634 1559 habetur
655 1532 686 1560 C.
711 1533 862 1570 Lucilius,
891 1536 941 1571 qui
964 1536 1064 1565 floruit
1087 1537 1199 1565 circ-iter
1219 1537 1256 1565 A.
1276 1537 1315 1565 U.
1336 1537 1390 1573 633
1414 1542 1479 1564 ante
1501 1535 1542 1564 N.
1563 1536 1600 1564 A.
1621 1544 1694 1571 120,
1719 1536 1810 1573 scrip-

289 1577 389 1613 sitque
411 1580 564 1610 Satirarum
586 1583 676 1612 libros
699 1585 796 1620 XXX,
818 1585 847 1614 in
871 1587 980 1622 quibus
1005 1588 1038 1615 ad
1062 1587 1166 1616 veteris
1190 1588 1366 1618 Graecorum
1391 1588 1565 1617 Comoediae
1583 1587 1807 1616 maledicentiam

291 1635 387 1658 totum
411 1639 472 1660 sese
501 1636 785 1671 accommodaverat,
813 1637 842 1665 in
865 1646 1004 1668 versuum
1032 1640 1246 1675 compositione
1269 1640 1381 1676 durus,
1406 1645 1483 1669 teste
1505 1638 1581 1668 Hor.
1602 1639 1698 1668 Satir.
1719 1639 1750 1674 1,
1771 1646 1805 1674 4,

290 1689 420 1718 1—13,
445 1691 509 1713 cum
530 1694 590 1721 quo
612 1687 678 1715 loco
704 1687 870 1717 conferatur
894 1691 959 1718 Sat.
982 1690 1013 1725 1,
1034 1699 1083 1726 ιο,
1106 1700 1116 1719 1
1139 1700 1228 1727 sqq.:

599 1737 710 1776 Nempe
732 1740 912 1778 incomposito
936 1741 1000 1770 dixi
1018 1742 1090 1780 pede
1112 1752 1236 1771 currere
1253 1752 1351 1773 versus

595 1788 708 1818 Lucili.
749 1791 824 1828 Quis
845 1799 905 1820 mm
931 1793 1030 1821 Lucili
1046 1794 1156 1830 fautor
1175 1796 1270 1832 inepte
1290 1800 1332 1822 esc

601 1840 643 1869 Ut
664 1850 718 1870 non
736 1843 786 1870 hoc
799 1843 966 1879 fateatur?
988 1851 1019 1872 at
1043 1845 1137 1880 idem,
1162 1845 1240 1883 qnod
1255 1845 1316 1874 sale
1339 1845 1428 1873 multo

601 1891 707 1920 Urbem
728 1893 890 1931 defricuit,
913 1897 1019 1925 charta
1043 1897 1188 1926 laudatur
1206 1897 1322 1925 eadem.

600 1942 664 1970 Nec
688 1950 785 1971 tamen
804 1948 854 1975 hoc
875 1947 1005 1976 tribuens
1024 1949 1151 1977 dederim
1176 1957 1285 1987 quoque
1304 1954 1412 1976 cetera.

290 1988 406 2019 Soiebat
429 1991 522 2021 dicere
545 1992 591 2022 hIc
618 1995 775 2033 Lucilius,
801 2005 831 2026 se
857 2006 950 2035 neque
974 2000 1169 2036 doctissimis,
1201 2007 1292 2036 neque
1317 1997 1527 2028 indoctissimis
1548 1997 1684 2029 scribere·
1726 1996 1800 2039 Vid-

1744 2050 1802 2079 Cic.
