1940 2474
416 156 946 194 'COMMENTATIO
1012 160 1417 195 LITERARI‘AE
1657 164 1679 198 '5

157 250 266 283 simus,
291 247 430 284 temporiS
454 248 576 284 spatium
604 249 634 277 in
663 255 786 285 quatuor
814 249 973 288 Tempora,
1001 249 1092 277 veluti
1118 250 1270 288 Epoclzas,
1300 251 1485 280 dividendum
1516 258 1671 289 putemus-3

160 308 281 336 quorum
299 301 430 338 primum
453 301 592 336 pertineat
611 301 676 329 inde
703 300 737 329 ab
762 301 849 338 hujus
873 301 1011 337 temporis
1034 300 1119 329 initio
1143 309 1236 336 usque
1260 302 1295 330 ad
1319 302 1466 331 subactam
1492 312 1507 331 a
1530 303 1670 334 Romanis

157 350 356 379 Macedoniam
378 352 416 380 A.
442 351 483 380 U.
507 353 579 387 586:
611 352 737 380 alterum
763 352 827 380 inde
855 361 949 389 usque
971 353 1008 383 ad.
1028 352 1198 381 Ciceronem
1227 352 1267 380 A.
1285 353 1322 381 U.
1347 353 1404 382 fere
1423 356 1496 390 650:
1520 357 1640 384 tertium
1657 364 1673 384 a

115 430 117 432 .
154 402 297 432 Cicerone
317 403 351 431 ad
371 403 499 439 Augusti
524 403 653 432 Caesaris
678 403 788 432 obitum
813 405 851 433 A.
870 404 910 434 U.
934 406 1004 441 767:
1029 404 1153 440 denique
1177 410 1316 442 quartum
1340 405 1405 433 inde
1429 414 1523 441 usque
1543 407 1577 435 ad
1599 415 1675 435 mor·

156 460 212 482 tem
230 454 410 490 Vespasiani.
451 454 493 482 Et
510 455 609 484 harum
626 454 739 490 quidem
760 456 944 492 Epocharum
963 456 1082 492 primam
1103 462 1133 484 et
1147 455 1257 483 tertiam
1277 455 1379 484 iterum
1399 456 1428 485 in
1451 458 1540 492 duas,
1559 465 1670 494 postre-

156 514 230 534 mam
255 506 286 534 in
307 513 385 541 tres,
406 511 501 541 partes
525 505 586 535 sive
605 506 725 535 Aetates
748 506 967 537 dissecabimus.
1013 508 1089 535 Haec
1112 507 1201 543 igitur
1221 514 1349 543 tempora
1371 508 1505 545 deinceps
1527 516 1672 545 percurret

155 562 254 585 nostra
274 557 435 585 Literarum
457 557 625 587 Latinarum
647 559 779 588 historia.
826 560 921 597 Cujus
941 560 1037 588 statim
1063 558 1180 586 initium·
1202 549 1356 594 faciemus,
1386 567 1541 596 postquam
1567 561 1669 597 paucis

152 608 186 636 de
207 608 367 637 Literarum
391 609 558 639 Latinarum
581 611 748 641 conditione
765 618 830 641 ante
854 612 909 642 hoc
931 610 1068 648 temporis
1089 610 1233 647 spatium,
1253 617 1304 638 nec
1325 618 1386 640 non
1405 611 1440 639 de
1464 612 1552 650 hujus
1576 613 1675 642 histo--

153 658 210 689 riae
228 656 362 689 fontibus
382 660 553 690 dixerimus.
1664 672 1668 674 ’

859 752 888 788 ς.
930 761 958 788 3.

579 840 755 869 Literarum
779 839 903 869 conditio
923 846 990 868 ante
1015 839 1090 868 bella
1115 839 1246 868 Punicas.

192 913 266 942 Nam
289 914 372 949 quod·
395 914 423 949 §.
445 923 470 943 r.
502 915 647 951 dixIm·us‚
675 926 729 946 nos
754 917 903 946 historiam
922 916 1083 945 Literarum
1108 916 1275 949 Latinarum
1302 918 1458 947 tradituros
1482 926 1544 948 esse
1571 919 1635 948 inde
1654 927 1676 948 a·

153 966 230 994 bello
248 965 357 994 Punico
378 965 391 993 Ι
399 986 410 1000 ‚
431 966 460 994 id
480 959 631 1003 propterea
651 969 760 997 dictum
780 975 841 1004 est,
864 969 943 1004 quod
969 975 1032 997 ante
1052 968 1108 996 hoc
1132 968 1239 997 bellum
1263 977 1338 997 rarae
1359 976 1386 997 et
1410 968 1468 998 fere
1490 971 1586 999 nullae
1610 970 1672 999 fue-

153 1024 220 1045 runt
239 1017 318 1053 apud
344 1016 494 1046 Romanos
516 1019 621 1048 literae.
663 1020 744 1049 Gens
768 1020 992 1049 bellicosissima
1014 1019 1124 1055 imperii
1145 1020 1192 1048 sui
1213 1019 1284 1048 fines
1307 1020 1423 1049 dilatare
1441 1022 1581 1057 studens,
1603 1030 1670 1050 cum

151 1068 211 1097 soli
233 1068 333 1096 virtuti
357 1068 476 1098 bellicae
495 1079 609 1106 operam
632 1072 730 1108 daret,
752 1072 883 1108 corporis
905 1071 979 1100 vires
999 1071 1111 1106 alebat,
1129 1071 1267 1100 animum
1278 1071 1449 1108 negligebat.
1491 1073 1558 1102 Nec
1576 1080 1671 1102 tamen

145 1119 220 1148 adeo
238 1119 273 1148 ab
299 1119 376 1148 omni
401 1120 512 1158 ingenii
529 1123 645 1151 cultura
668 1123 751 1152 alieni
776 1123 869 1152 fuisse
887 1123 1068 1151 existimandi
1091 1129 1182 1157 sunt,
1201 1129 1233 1151 ut
1258 1123 1379 1152 omnino
1401 1124 1495 1153 nullas
1518 1125 1671 1154 habuerint

145 1169 266 1199 ¹literas:
287 1171 336 1199 sed
359 1168 423 1207 eae,
446 1173 470 1201 si
492 1182 564 1208 quae
583 1173 718 1210 fuerunt,
741 1176 825 1204 rudes
846 1182 924 1203 erant
946 1181 973 1202 et
993 1174 1137 1209 incultae,
1165 1183 1258 1210 neque
1280 1175 1315 1203 ad
1334 1175 1403 1204 artis
1425 1176 1501 1212 leges
1523 1177 1670 1213 composi-

146 1225 213 1250 tae:
236 1222 458 1252 continebantur
476 1223 535 1253 fere
552 1225 664 1262 legibus
675 1248 685 1262 ,
704 1235 770 1255 cum
787 1227 850 1255 aliis
867 1226 1031 1261 veteribus,
1053 1232 1115 1253 tum
1131 1226 1184 1254 XII
1200 1226 1394 1261 Tabularum,
1412 1227 1576 1256 Annalibus
1593 1228 1669 1258 Pon.-

147 1271 260 1301 tificum
290 1280 318 1302 et
351 1274 462 1304 Vatum·
483 1275 637 1305 Oraculis:
663 1286 748 1313 quam
774 1277 918 1306 literarum
946 1277 1095 1306 materiam.-
1117 1277 1296 1313 significavit
1323 1277 1495 1315 Horatius„
1515 1278 1601 1318 Eppa
1618 1279 1668 1317 Π,

144 1331 188 1359 α,
210 1331 246 1360 23
266 1332 315 1360 sq.

140 1384 142 1387 '
796 1382 921 1411 Tabulas
938 1389 1062 1420 peccare
1085 1387 1231 1417 vetantes,

431 1430 516 1466 Quas
534 1432 576 1459 bis
598 1434 724 1471 quinque
741 1435 803 1463 viri
823 1440 1005 1469 sarmarum,-
1019 1434 1145 1470 focdcra
1170 1442 1287 1470 regum..

435 1481 492 1509 Vel
509 1481 627 1518 Gabiis,
649 1485 698 1513 vel
712 1495 776 1513 cum
798 1485 904 1522 rigidis
924 1491 1052 1523 aequata
1074 1485 1206 1520 Sabini53

428 1532 599 1568 Pontificum
621 1535 708 1564 libros
717 1547 728 1570 ,·
750 1546 859 1565 annosa
879 1537 1027 1566 volumina
1047 1543 1158 1566 vatum.

185 1575 233 1610 Ad
252 1581 347 1617 Jurir
369 1583 564 1619 cognitionem
591 1587 670 1621 quod
691 1587 809 1623 attinet,
836 1595 870 1616 ut
894 1588 1005 1617 Horatii
1028 1595 1185 1623 sequamur
1214 1586 1361 1622 ordinem,
1386 1586 1441 1624 Jus
1466 1588 1586 1624 aliquod
1607 1591 1668 1627 J'ant

147 1633 202 1661 sub
223 1632 353 1669 Regibus
371 1633 444 1669 fuit,
467 1635 604 1672 inprimis
622 1646 636 1666 a
657 1637 754 1667 Numa
776 1639 923 1676 Pompilio
945 1639 1169 1676 sapientissimis
1189 1644 1216 1666 et
1238 1637 1403 1667 utilissimis
1423 1639 1534 1676 legibus
1549 1648 1665 1670 auctum

148 1690 177 1712 et
197 1683 414 1720 confirmatum,
438 1686 651 1723 Jurisconsulti‘
677 1690 768 1719 nulli:
801 1691 851 1720 Cf.
876 1692 1002 1720 Bachius
1027 1691 1056 1719 in
1089 1691 1167 1719 Hist.
1197 1689 1336 1728 Jurispr.
1365 1690 1451 1719 Rom.
1480 1691 1518 1720 L.
1536 1692 1560 1720 I.
1590 1702 1618 1721 e.
1637 1702 1663 1721 1.

149 1735 225 1764 Cum
253 1743 346 1765 autem
373 1738 484 1767 exactis·
507 1738 637 1777 Regibus
667 1750 764 1771 eorum
792 1752 910 1779 quoque
940 1745 1015 1781 leges
1038 1749 1136 1772 essent
1161 1742 1328 1778 abrogatae,
1354 1749 1448 1777 neque
1470 1743 1540 1772 aliae
1569 1752 1665 1773 earum

147 1787 215 1816 loco
239 1787 310 1816 latae
330 1788 494 1826 placerent,
516 1792 554 1820 A.
573 1792 614 1821 U.
633 1803 705 1830 303,
728 1801 791 1824 ante
811 1795 852 1824 N.
870 1796 908 1824 A.
925 1803 1001 1832 451,
1023 1795 1199 1823 constitutae
1215 1799 1283 1821 sunt
1305 1792 1379 1830 leges
1398 1793 1451 1822 XII
1465 1794 1664 1831 Tabularum,

146 1846 163 1866 e
181 1839 266 1867 variis
287 1838 457 1870 Graecarum
484 1843 633 1873 civitatum
656 1846 768 1883 legibus
791 1848 945 1882 collectae,
972 1856 1064 1884 quae,
1093 1853 1124 1874 ut
1144 1845 1182 1874 ait
1204 1845 1308 1874 Livius
1327 1844 1387 1878 ΙΙΙ,
1410 1853 1465 1882 34,
1484 1847 1554 1883 fons
1575 1849 1664 1877 omnir

143 1889 255 1927 publici
276 1897 303 1918 et
321 1894 439 1929 privati
453 1894 537 1929 juris
551 1896 691 1932 fuerunt.
732 1899 776 1928 Dc
799 1899 898 1928 harum
919 1899 1094 1936 praestantia
1117 1904 1143 1926 et
1166 1896 1289 1925 utilitate
1311 1896 1442 1932 inprimis
1464 1897 1599 1934 legendus
1623 1908 1653 1929 es

149 1940 248 1969 Cicero
271 1942 306 1970 de
327 1942 415 1972 Orat.
440 1945 468 1980 Ι,
491 1956 527 1984 43
544 1954 571 1975 et
591 1959 639 1985 44.
681 1951 749 1980 Vid.
772 1951 847 1979 idem
872 1960 900 1979 c.
916 1951 954 1979 ll.
982 1957 1053 1979 sect.
1074 1960 1101 1978 1.
1151 1949 1260 1977 Harum
1286 1954 1380 1977 autem
1410 1950 1507 1987 legum
1529 1951 1664 1987 cognitio-

145 1996 174 2020 et
191 1991 388 2030 interpretatio
407 1995 491 2027 initio
511 2007 598 2036 penes
617 2002 758 2032 Patrieios
780 2011 816 2032 ac·
835 2002 989 2032 Pontifices
1009 2009 1087 2039 erat3
1110 2001 1183 2031 tutele
1207 1999 1314 2030 sensim
1337 2006 1432 2030 ortum
1453 2008 1496 2031 est
1513 2001 1665 2039 Jurispru-

967 2054 994 2083 A
1015 2063 1030 2090 3
1601 2054 1669 2084 den-
