1960 2500
668 154 1133 195 onA'rio.
1623 173 1671 218 27.

179 256 232 305 *ld
244 266 331 293 vero
344 254 510 304 inprimis
524 253 884 291 animadvertendum
898 262 974 300 est,
1006 255 1206 305 Religionis
1224 270 1373 296 causam
1393 274 1464 297 non
1485 264 1635 312 populis
1645 279 1665 314 ,·

136 332 208 358 non
235 318 470 367 Principibus
493 316 679 366 propriam
710 329 788 352 esse
819 325 853 353 et
879 318 1125 366 peculiarem,
1165 321 1227 356 sed
1257 334 1360 358 suam
1390 324 1448 361 hic
1482 328 1661 366 uniuscu-

135 383 294 432 jusque,
330 382 405 419 sive
429 380 605 429 principis
633 379 711 416 sive
740 380 878 427 privati
906 379 1084 426 hominis,
1114 394 1189 417 rem
1218 384 1288 433 agi.
1353 386 1522 423 Profecto
1560 403 1661 427 acer-

134 443 249 481 bitate
284 451 484 492 temporum
531 441 691 478 nondum
740 441 878 491 ubique
920 453 979 476 res
1021 442 1227 492 Religionis
1267 447 1316 482 ita
1361 460 1547 488 corruerat
1564 480 1577 498 ‚
1618 463 1661 492 ut

134 506 200 546 vix
225 513 475 554 superessent,
504 505 568 554 qui
585 517 664 542 eam
691 503 829 539 sincere
859 511 892 539 et
915 512 1120 541 constanter
1143 507 1398 556 profiterentur
1423 520 1456 548 et
1482 526 1550 550 suo
1575 528 1662 564 pre-

134 568 188 606 tio
221 567 407 605 haberent.
472 565 589 604 Valde
624 579 818 602 numerosa
856 573 890 602 et
921 567 1015 602 inter
1051 576 1193 605 tantum
1228 583 1299 607 non
1343 586 1465 609 omnes
1504 578 1663 625 populos

134 629 349 678 Europaeos
373 630 552 666 latissime
581 629 746 677 dispersa
781 641 869 677 gens
899 629 1127 677 israelitica,
1155 633 1335 682 quidquid
1363 635 1408 670 ad
1434 649 1511 672 eam
1539 652 1560 674 a
1586 639 1662 675 Re-

131 692 268 742 ligione
295 694 416 741 patria
441 691 663 729 avocandam
692 692 886 728 tentaverit
917 692 1133 741 Napoloen,
1168 695 1305 732 divinis
1339 697 1457 734 adhue
1481 700 1661 747 majorum

132 766 287 789 suorum
320 754 465 804 legibus
502 762 644 791 tenetur
672 762 782 802 atque
810 753 1001 792 institutis.
1039 756 1139 804 (16)
1197 757 1276 794 Nec
1304 759 1426 795 minus
1458 759 1586 796 firmus
1627 771 1662 800 et

132 815 358 865 aequabili5‚
386 825 428 854 ut
452 816 649 854 venerandi
679 815 783 851 illius
808 815 1017 863 Pontificis,
1045 819 1105 855 cui
1132 832 1175 855 ex
1195 832 1283 857 vero
1312 834 1332 857 a
1351 823 1483 870 pietate
1502 824 1659 863 inditum

132 887 187 917 est
206 891 356 926 nomen,
382 879 433 916 ita
461 888 495 914 et
521 879 679 914 aliorum
707 878 949 926 complurium
982 893 1061 916 cum
1090 881 1255 918 Romano
1285 882 1560 921 Catholicorum
1581 895 1659 925 tum

130 940 438 987 Protestantium,
461 943 498 976 in
515 940 722 988 rejiciendis
732 940 941 978 vaferrimis
957 943 1119 989 ejusdem
1137 945 1391 994 sociorumque
1412 960 1454 983 ac
1474 948 1662 986 ministro-

128 1014 214 1040 rum
233 1004 413 1040 adversus
440 1003 670 1051 Religionem
695 1003 782 1038 Jesu
812 1003 997 1049 consiliis,
1024 1006 1194 1052 proditus
1219 1017 1274 1044 est
1294 1010 1461 1056 animus,
1488 1009 1662 1048 difficilli-

128 1065 200 1102 mis
224 1066 307 1102 istis
334 1064 560 1114 temporibus
587 1077 670 1101 cum
694 1064 852 1100 maxime
885 1066 1098 1113 exploratus
1122 1069 1388 1121 probatusque.
1419 1075 1430 1121 (
1451 1073 1518 1121 17)
1569 1074 1662 1112 Sunt

127 1126 246 1163 multa
269 1128 417 1163 illorum
436 1127 580 1172 millia,
608 1137 763 1174 quorum
785 1127 926 1162 animos
947 1140 989 1164 ac
1006 1129 1088 1176 pios
1105 1130 1312 1180 Religionis
1333 1146 1463 1170 sensus
1493 1135 1564 1171 dici
1589 1148 1660 1173 non

126 1196 245 1238 potest
271 1196 494 1238 quantopere
519 1187 706 1225 confirmet
727 1197 760 1225 et
792 1188 1002 1226 corroboret
1027 1204 1092 1239 ea,
1118 1205 1214 1242 quae
1237 1195 1274 1231 in
1303 1196 1465 1233 omnium
1489 1197 1663 1235 manibus

127 1259 211 1298 est,
237 1251 430 1301 obsignata
457 1251 671 1300 Principum
698 1250 904 1300 professio,
946 1261 981 1290 et
1011 1252 1056 1290 ab
1084 1255 1214 1298 iisdem
1244 1258 1440 1296 solenniter
1463 1260 1594 1296 initum
1619 1273 1662 1297 ao

126 1312 274 1362 publice
301 1314 577 1364 promulgatum
607 1315 760 1361 foedus,
789 1316 837 1353 ad
867 1316 963 1354 hanc
991 1320 1304 1367 conservandam,
1339 1323 1596 1373 vindicandam
1625 1330 1661 1361 et

127 1377 401 1426 propagandam
422 1379 608 1426 pertinens
623 1378 901 1427 professionem.
953 1379 1084 1417 Nonne
1104 1381 1269 1419 divinare
1289 1384 1395 1430 licet,
1423 1394 1511 1433 quot
1535 1393 1660 1434 gentes

128 1438 223 1485 sint,
236 1451 395 1488 quarum
411 1440 598 1488 Principes
618 1448 792 1490 tanquam
810 1441 1054 1490 jurejurando
1075 1456 1114 1479 se
1133 1445 1179 1480 ad
1196 1445 1289 1482 hanc
1304 1459 1449 1483 causam
1468 1446 1658 1496 obligave-

129 1500 228 1547 rint,
256 1509 308 1537 tot
337 1502 583 1550 plurimorum
607 1516 754 1554 quoque
777 1504 913 1540 civium
940 1505 986 1540 iis
1015 1506 1264 1553 subjectorum
1286 1509 1324 1544 in
1342 1509 1489 1546 eandem
1509 1521 1658 1545 causam

128 1563 309 1598 sancitum
329 1564 376 1599 iri
397 1565 571 1604 foedera?
623 1566 728 1611 Quid
746 1566 926 1614 plurimos
945 1566 1055 1604 dico?
1106 1569 1184 1606 lmo
1211 1583 1298 1607 vero
1329 1585 1452 1608 omnes
1478 1580 1511 1608 et
1530 1572 1658 1621 singu-

130 1624 187 1661 los
210 1637 296 1662 vere
325 1625 583 1674 Christianos,
617 1640 657 1664 re
681 1628 894 1679 diligentius
926 1642 1083 1679 expensa
1110 1640 1143 1668 et
1176 1633 1396 1681 ponderata,
1434 1647 1656 1684 quamquam

128 1698 201 1722 non
219 1688 265 1724 ad
283 1688 452 1725 similiter
473 1689 674 1740 subscripti
690 1692 848 1729 foederis
867 1693 1020 1730 formam
1033 1722 1045 1739 ,
1074 1707 1149 1743 qua
1174 1709 1248 1732 non
1276 1696 1364 1732 adeo
1387 1710 1479 1746 opus
1498 1705 1570 1742 est,
1600 1704 1656 1731 ta-

128 1760 211 1785 men
221 1749 321 1787 haud
338 1750 459 1788 minus
478 1762 577 1790 arcte
598 1755 801 1804 conjunctis
821 1765 856 1794 et
874 1757 1090 1794 consociatis
1118 1758 1250 1794 studiis
1269 1760 1495 1808 animisque,
1516 1759 1560 1795 ad
1580 1772 1654 1795 rem

129 1812 299 1859 optimam
320 1814 491 1864 religiose
515 1818 733 1856 servandam
750 1832 818 1856 sua
837 1829 965 1869 sponte
983 1821 1184 1858 coalituros
1202 1831 1234 1859 et
1258 1823 1531 1872 conspiraturos
1552 1835 1652 1868 esse,

131 1883 236 1921 spero
262 1884 296 1910 et
324 1876 481 1914 confido.

180 1935 398 1985 Enimvero,
426 1940 491 1977 ubi
515 1941 652 1980 dISerta
671 1955 794 1981 rerum
811 1945 1017 1981 testimonia
1037 1945 1193 1994 adsunt,
1221 1947 1310 1997 quid
1336 1948 1463 1984 multis
1488 1958 1581 1994 opus
1601 1952 1654 1981 est

132 1995 286 2036 verbis?
334 2001 417 2039 Jam
443 2002 524 2052 ipso
552 2005 648 2043 facto
680 2008 903 2057 populorum
931 2009 1110 2057 ejusmodi
1141 2023 1223 2048 cum
1247 2008 1482 2058 Principibus
1512 2007 1657 2045 exsistit

445 2064 455 2077 ⁴
926 2071 963 2108 D
992 2082 1014 2107 2
1571 2081 1658 2110 rona⁴
