1940 2474
216 165 259 203 [14
561 154 943 191 ABRAHAMI
1000 153 1374 185 CAPADOCE

251 249 341 278 Aliud
363 246 524 282 exemplum
548 254 581 273 ex
606 251 667 279 tot,
698 250 770 280 quot
792 241 885 272 morbi
908 239 1013 269 diversi
1033 240 1151 269 existere
1171 246 1316 277 possunt,
1338 240 1461 276 petitum
1481 247 1603 276 sequens
1624 241 1679 271 sit.
1722 255 1728 259 -

248 299 386 339 Juvenis,
408 299 456 327 cui
478 297 548 326 fibra
570 303 663 325 tenera
686 303 713 325 et
730 295 863 332 gracilis,
886 292 960 321 cutis
977 291 1119 327 pellucida
1143 300 1176 320 ex
1195 291 1317 326 florida,
1338 297 1446 320 statura
1469 291 1599 327 corporis
1622 300 1724 328 proce-

216 362 262 387 ra,
284 356 357 388 prae‘
374 358 508 378 vasorum
534 348 744 385 pulmonalium
770 344 959 374 teneritudine
979 342 1144 379 sanguinem
1161 344 1256 371 reddat
1278 349 1366 378 sputo
1389 342 1525 371 floridum
1539 348 1726 378 arteriosum·,

217 403 310 439 qualis
335 410 430 436 nunc,
459 401 626 436 quaeritur,
647 399 684 427 sit
707 405 807 426 natura
829 395 934 424 morbi.
982 394 1142 423 Chemicus
1164 395 1248 422 unice
1269 394 1415 422 affinitates
1438 394 1592 422 Chem-icas
1619 401 1725 422 curans

216 454 385 490 respondet,
408 452 480 481 inter
497 452 550 480 alia
574 449 771 480 cohaesionem
798 445 1023 484 principiorum,
1044 453 1117 480 quae
1138 453 1203 474 vasa
1225 444 1350 472 efficiunt
1371 444 1401 472 in
1423 445 1581 480 pulmone‚.
1602 451 1662 471 uon
1682 451 1727 471 es-

216 514 246 536 se
268 504 477 539 sufficientem,
507 510 645 532 texturam
676 508 737 529 esse
763 498 925 532 infirmam,
955 505 990 525 ne
1007 496 1060 524 alia
1087 505 1249 525 memorem.
1297 496 1397 534 Quum
1419 503 1511 524 autem
1538 494 1671 523 cohaesio
1693 494 1727 523 in

214 555 316 586 solidis
348 554 479 591 principe
508 554 573 581 loco
602 562 617 581 a
645 550 810 588 phosphate
836 547 921 577 calcis
945 547 1082 583 pendeat,
1118 554 1145 575 et
1170 548 1295 576 secundo
1321 548 1387 576 loco
1415 556 1430 575 a
1458 547 1567 584 glutine
1595 545 1728 580 animali,

213 607 366 645 utriusque
390 605 532 636 defectum
549 602 707 632 accusabit.
750 600 923 630 Firmabitur
941 600 1008 628 haec
1031 600 1170 631 sententia
1192 609 1241 637 per
1263 600 1393 636 analysin
1415 599 1599 635 Chemieam,
1622 606 1734 627 utrum-

214 668 270 696 que
292 659 372 687 illum
396 657 541 687 defectum
560 656 589 684 in
614 655 715 684 solidis
735 653 799 682 talis
817 653 935 690 juvenis
959 652 1150 687 haemoptoici
1172 652 1397 681 confirmantem.
1437 652 1483 680 Ad
1506 651 1640 679 medelam
1662 658 1729 686 ergo

214 711 381 740 afferendam
405 709 586 744 requirentur
611 706 774 743 glutinosa,
796 705 869 733 inter
895 712 968 740 quae
993 704 1177 739 praecipuum
1207 705 1303 733 locum
1335 710 1411 732 tenet
1434 703 1543 738 farina,
1572 711 1602 731 v.
1620 711 1648 738 g.
1670 708 1731 729 non

213 761 379 790 fermentata
398 761 491 794 colla,
514 767 600 795 porro
618 757 739 787 calcaria
757 756 894 792 quaevis,
913 762 941 784 et
957 755 1173 789 medicamenta,
1194 764 1245 784 nec
1262 764 1320 784 non
1337 756 1485 790 alimenta²
1506 753 1654 791 phosphas
1674 751 1731 780 cal-

213 812 255 840 cis
277 811 429 840 afferentia.
1436 809 1439 811 ⁴

253 863 313 901 Qui
331 868 459 891 naturam
481 861 575 890 morbi
598 870 635 891 ex
654 862 772 890 adverso
804 861 832 889 in
855 862 942 888 causti
962 859 1123 896 Dynamica
1145 865 1302 894 quaerunt,
1332 859 1496 887 morbosam
1517 854 1734 885 teneritudinem

215 913 360 949 reperiunt
383 913 411 942 in
434 913 522 941 nimia
544 913 701 941 mobilitate
724 911 878 949 organismi
897 911 1041 946 universi,
1065 918 1092 939 et
1111 911 1226 939 turbato
1250 910 1417 946 aequilibrio
1442 910 1471 937 in
1493 908 1661 937 actuositate
1686 914 1734 942 sy-

216 972 367 995 stematum
398 965 559 1001 partialium
585 974 692 1001 corpus
715 963 969 993 constituentium.
1016 963 1067 991 Per
1084 963 1262 991 moderamen
1283 968 1380 998 aptum
1407 960 1536 989 omnium
1560 966 1652 987 rerum
1673 964 1733 985 non

214 1017 389 1045 naturalium
411 1016 594 1045 conabuntur
613 1025 680 1053 ergo
697 1016 786 1044 robur
807 1015 974 1044 universum
994 1022 1110 1051 augere,
1134 1014 1176 1042 sic
1199 1014 1386 1043 mobilitatem
1404 1012 1546 1046 minuere,
1567 1017 1594 1039 et
1615 1009 1734 1046 aequili-

219 1068 313 1098 brium
339 1068 488 1097 turbatum·
507 1069 675 1104 restituere3
699 1076 789 1104 quum
815 1067 884 1096 certi
903 1067 976 1101 sint,
1006 1065 1110 1101 quodsi
1131 1065 1308 1101 compositio
1331 1064 1471 1093 Chemica.
1493 1062 1579 1091 fuerit
1603 1061 1736 1094 turbata,

220 1119 294 1148 hanc
314 1119 478 1148 restitutum
500 1119 534 1147 iri
558 1121 611 1148 suit
636 1126 761 1156 sponte,
789 1118 923 1147 restituta
944 1118 979 1146 ad
1002 1126 1130 1146 normam
1153 1117 1281 1146 sanitatis
1304 1116 1462 1145 solidorum
1483 1113 1584 1152 agendi
1607 1111 1735 1146 ratione,

220 1171 304 1207 cujus
336 1171 419 1200 turba
443 1171 636 1200 abnormalem
662 1169 902 1206 compositionem
926 1169 1094 1199 Chemicam
1117 1168 1280 1207 generavit,
1313 1176 1386 1204 quae
1411 1175 1478 1204 ergo
1509 1165 1580 1202 ipsis
1608 1172 1668 1193 non
1696 1168 1741 1190 est

220 1230 329 1257 causa,
347 1224 398 1251 sed
419 1222 553 1251 effectus.

261 1273 319 1301 Sed
339 1274 363 1301 si
384 1280 495 1302 tantum
520 1275 610 1302 valeat
634 1279 831 1309 argumentum
855 1274 1036 1309 quaestionis
1054 1274 1218 1310 propositae
1240 1273 1274 1301 ad
1292 1278 1421 1300 naturam
1446 1269 1539 1298 morbi
1563 1272 1742 1304 cognoscen-

226 1325 310 1359 dam,
331 1332 393 1352 non
417 1325 512 1353 minus
536 1325 608 1353 illud
636 1325 728 1352 valere
752 1333 818 1352 mox
842 1325 1006 1360 apparebit,
1028 1325 1077 1352 ubi
1101 1325 1195 1361 agitur
1217 1325 1251 1352 de
1267 1324 1352 1352 caus-”l
1370 1320 1582 1356 investiganda,
1606 1315 1740 1353 quemad-

226 1375 342 1403 modum
364 1375 464 1411 paucis
486 1375 635 1403 ostendere
657 1374 783 1402 eonabor
805 1375 839 1402 ad
861 1374 1015 1402 articulum
1037 1381 1215 1409 sequentem.

266 1428 312 1454 20.
334 1427 378 1455 De
398 1427 485 1454 causa
507 1425 609 1453 morbi.
659 1426 821 1459 Praeclare,
842 1430 876 1452 ut
899 1424 1011 1459 ubivis,
1035 1424 1160 1452 Illustri⁵
1182 1424 1312 1453 Gaubius
1333 1423 1406 1450 inter
1430 1421 1485 1448 alia
1504 1418 1649 1447 enuntiata
1671 1417 1738 1444 hacc

227 1478 260 1505 de
281 1477 446 1506 morborum
467 1476 565 1505 causis
581 1476 610 1504 in
629 1476 797 1504 universum
820 1482 972 1505 memorat:

336 1529 461 1557 Morbus
484 1528 567 1564 ponit
586 1528 774 1557 mutationem
796 1528 928 1564 corporis
953 1536 968 1555 a
989 1533 1066 1555 statu
1090 1534 1159 1554 sano
1181 1526 1261 1563 (4).

339 1578 472 1608 Medicus
494 1586 554 1607 tum
575 1580 687 1607 demum
712 1580 844 1608 morbum
869 1578 1040 1615 cognoscit,
1063 1586 1154 1613 quum
1179 1585 1292 1605 causam
1317 1577 1378 1613 ejus
1397 1574 1531 1604 detexerit
1552 1572 1634 1608 (5).

341 1632 437 1660 Causa
455 1630 547 1659 morbi
570 1630 716 1666 exquisite
734 1637 776 1658 est
798 1631 843 1665 id,
865 1631 949 1667 cujus
970 1629 998 1657 vi
1022 1636 1101 1658 totus
1124 1628 1243 1657 morbus
1269 1627 1365 1656 existit
1385 1627 1462 1663 (6).

338 1682 493 1720 Quidquid
513 1682 543 1710 in
568 1682 669 1710 morbo
689 1688 752 1715 est,
775 1681 803 1709 in
827 1681 913 1709 causa
935 1681 1000 1717 ejus
1015 1681 1093 1708 debit
1116 1679 1236 1708 inveniri
1258 1679 1334 1715 (7).

269 1736 357 1773 Quod
381 1735 403 1762 si
429 1741 520 1762 autem
538 1735 586 1763 his
607 1734 756 1771 adjiciatur
773 1741 975 1769 praeceptum,
997 1733 1073 1768 apud
1090 1732 1207 1760 eundem
1231 1730 1331 1758 Virum
1355 1729 1406 1757 Cl.
1428 1728 1492 1764 (8)
1514 1732 1687 1758 occurrens,
1706 1723 1741 1751 de

230 1787 320 1816 limite
341 1787 370 1815 in
394 1786 534 1815 scrutinio
557 1794 706 1814 causarum
724 1785 880 1822 ponendo,
903 1785 986 1821 isque
1006 1784 1086 1813 limes
1103 1792 1164 1813 sese
1180 1783 1328 1818 extendat,
1348 1786 1502 1817 quousque
1523 1778 1638 1814 sphaera
1658 1783 1741 1804 natu-

1697 1834 1741 1854 rae

262 1904 311 1932 (4)
328 1905 392 1925 Ganb.
415 1904 431 1925 1.
445 1905 460 1924 Ι.
484 1902 504 1930 ς.
521 1909 556 1930 53.

261 1946 310 1973 (5)
332 1946 347 1965 1.
364 1946 379 1966 ι,
403 1944 421 1969 ἵ.
439 1951 473 1970 ss·

264 1987 312 2012 (0)
333 1986 348 2007 l.
363 1986 378 2007 1.
396 1983 416 2010 §-
431 1987 468 2007 ω.

261 2030 308 2054 (7)
330 2028 345 2048 ¹.
361 2028 376 2048 ι.
400 2025 420 2051 S.
437 2028 471 2052 ⁶7.

263 2067 381 2095 (t)1.1.
404 2065 474 2094 §.⁵6-
