1940 2474
524 167 1375 204 COMMENTATIO'MEDICA,
1669 174 1713 214 243

195 261 252 291 bus
274 259 314 289 sic
331 259 425 289 morbi
447 260 590 296 pendent,
612 259 834 292 adscendamuS,
864 266 931 286 mox
957 257 1112 286 incidimus
1137 259 1166 287 in
1188 258 1284 288 thesin
1305 265 1419 289 nostrae
1444 260 1643 297 quaestionis3
1667 261 1706 291 ita

195 320 228 342 ut
252 313 345 341 omnis
373 310 546 347 disceptatio
576 310 686 338 tandem
713 309 822 338 desinat
849 308 877 337 in
904 309 1098 345 problemate,
1127 309 1202 338 sitne
1223 309 1264 338 sic
1283 316 1375 339 status
1398 311 1462 347 ille,
1492 321 1507 340 a
1526 321 1585 348 quo
1605 319 1705 343 natura

195 363 288 392 morbi
319 362 348 391 in
376 361 543 390 universum
574 361 693 396 pendet,
719 368 753 388 ex
781 360 994 396 compositione
1025 361 1179 396 Chemicfi,
1210 370 1245 390 an
1273 370 1340 391 vero
1367 371 1383 391 a
1407 363 1520 392 turbata
1548 364 1577 392 vi
1604 364 1705 400 vitali,

195 416 340 450 eauszlque
355 413 532 450 Dynamica,
552 413 710 449 repetenda.
752 411 840 440 Prout
861 412 906 440 vcl
920 412 953 440 ab
969 413 1021 440 hfic
1032 433 1042 448 ,
1063 413 1108 441 vel
1124 413 1158 440 ab
1175 413 1260 441 altera
1280 420 1358 449 parte
1376 414 1504 450 steteris,
1526 415 1642 444 debebis
1660 417 1707 445 de-

194 465 284 503 rigere
310 465 503 499 sanationem,
533 465 726 500 postulantem
754 462 965 491 restitutionem
992 463 1021 492 in
1043 464 1197 501 integrum.
1238 460 1275 492 'Si
1294 464 1366 493 enim
1391 465 1527 495 Chemica
1551 467 1620 496 unio
1642 476 1707 504 pec<

196 518 321 552 caverit,
350 519 502 547 Chemicas
524 517 710 554 potissimum
731 516 904 545 mutationes
932 515 1047 544 debebis
1069 515 1208 551 excitare,
1237 515 1320 544 unice
1346 515 1479 546 fundatas
1503 517 1532 546 in
1555 518 1706 555 affinitate,

194 577 269 605 quae
289 576 388 606 potest
410 579 471 599 esse
495 570 568 598 inter
584 569 673 597 media
696 568 856 597 adhibenda
874 574 901 596 et
923 566 1082 604 principia,
1107 567 1214 602 quibus
1231 576 1339 603 corpus
1363 568 1530 598 morbosum
1550 570 1708 600 conflatum

195 628 250 650 cst.
297 621 411 659 Quodsi
438 627 538 650 contra
567 621 643 649 illam
665 620 805 649 turbatam
835 619 934 656 agendi
961 618 1098 647 rationem
1122 627 1156 647 ex
1181 619 1395 655 compositione
1418 621 1607 658 derivaveris,
1636 630 1709 658 quae

192 681 308 702 causam
332 673 466 710 agnoscit
484 673 514 701 in
533 672 562 701 vi
582 672 679 708 vitali,
709 678 735 700 et
758 672 843 708 cujus
868 670 968 707 agendi
990 669 1062 698 ratio
1086 671 1245 706 Dynamica
1267 677 1325 706 est,
1355 672 1557 707 inquirendum
1582 674 1634 702 erit
1655 682 1709 710 po-

193 725 338 753 tissimum
363 725 391 753 in
413 724 579 761 potentias,
602 732 672 760 quae
698 723 883 752 determinato
900 722 986 750 motio
1009 721 1037 750 in
1058 722 1134 750 illam
1156 722 1214 750 vim
1233 722 1348 750 vitalem
1369 730 1472 759 agunt3
1501 731 1534 752 ut
1555 725 1619 753 illas
1646 726 1711 754 seli-

195 784 264 811 gas,
287 783 360 811 quae
381 776 416 803 ad
437 776 591 804 normalem
614 774 713 811 agendi
739 775 874 803 rationem
896 774 955 802 vim
979 773 1093 801 vitalem
1115 779 1253 810 poterunt
1277 782 1426 810 revocare3
1450 775 1531 804 nulla
1551 776 1647 806 habita
1668 785 1712 806 ra-

196 827 276 855 tione
295 826 437 854 affinitatis
461 826 632 861 Chemicae,
654 825 701 853 vel
719 826 800 862 ejus,
824 834 908 861 quam
925 825 1064 861 principia
1081 825 1174 861 ipsius
1192 826 1322 861 corporis
1339 825 1467 854 morbosi
1486 826 1519 854 ad
1539 835 1569 855 se
1584 827 1706 857 invicem

189 875 317 911 habent,
339 877 385 904 vel
409 878 489 914 eJ'us‚
514 885 598 913 quam
622 876 825 905 medicamenta
848 876 877 905 in
897 877 960 912 ipsa
982 876 1030 904 illa
1055 876 1198 912 principia
1218 882 1360 906 exercent.
1400 877 1501 906 Liceat
1525 887 1584 908 uno
1608 879 1709 910 altero-

196 937 253 965 que
277 928 405 964 exemplo
424 936 481 956 rem
506 928 660 956 illustrare.

234 979 378 1008 offeratur
398 979 603 1013 scorbuticus,
625 986 652 1007 et
672 980 755 1008 detur
773 979 884 1007 medico
904 985 1036 1008 naturam
1054 979 1142 1016 hujus
1161 979 1254 1008 morbi
1277 979 1465 1017 investigare,
1487 989 1521 1009 eo
1544 990 1654 1018 scopo,
1675 989 1710 1011 ut

192 1031 261 1060 inde
277 1030 493 1059 fundamentum
516 1031 674 1059 curationis
699 1037 786 1067 petat.
827 1030 960 1069 Quanta,
983 1039 1109 1066 quaeso,
1132 1029 1308 1066 differentia,
1332 1038 1427 1060 utrum
1450 1038 1555 1060 statum
1579 1033 1709 1070 corporis

192 1081 321 1112 viventis
342 1091 376 1111 ex
396 1082 529 1111 affinitate
543 1082 701 1118 Chemica,
717 1091 752 1111 an
771 1091 805 1111 ex
821 1082 851 1111 vi
869 1082 970 1118 vitali,
992 1081 1175 1111 derivaverit!
1201 1100 1233 1107 -
1255 1083 1285 1111 Si
1308 1091 1342 1111 ex
1357 1083 1490 1112 affinitate
1504 1083 1641 1114 Chemica
1663 1093 1713 1114 na-

192 1123 410 1163 turam‘morbi
434 1135 578 1163 illustrare
607 1141 746 1169 conatur,
774 1133 856 1162 debet
881 1140 952 1170 post
976 1134 1125 1163 observata
1144 1134 1338 1170 phaenomena
1362 1136 1449 1172 huJus
1474 1136 1569 1164 morbi
1592 1136 1712 1173 potissi-

186 1194 274 1215 -mum
304 1186 334 1215 in
357 1193 435 1215 statu
459 1187 520 1223 ejus
547 1185 722 1223 provectiori
744 1185 893 1221 sequentia
916 1191 1059 1215 statuere:
1094 1186 1268 1223 oxygenium
1295 1188 1329 1215 ad
1358 1188 1566 1224 hydrogenium
1595 1188 1712 1218 nimiam

195 1245 305 1268 exercet
327 1238 509 1273 affinitatem,
531 1238 570 1267 ita
588 1244 620 1266 ut
648 1247 722 1274 aqua
749 1238 871 1272 oriatur3
895 1237 1103 1274 hydrogenium
1129 1244 1156 1266 et
1176 1245 1293 1267 azotum
1312 1239 1484 1275 confluunt,
1506 1245 1539 1268 ut
1563 1240 1645 1268 nisus
1664 1240 1712 1270 fiat

192 1289 229 1318 ad
253 1289 453 1318 formationem
481 1289 657 1325 ammoniae,
685 1295 712 1318 et
727 1288 916 1324 carboniam,
940 1297 1006 1317 cum
1032 1289 1211 1326 hydrogenio
1228 1297 1256 1318 et
1277 1296 1362 1318 azoto
1383 1290 1538 1326 J'unctum,
1560 1299 1646 1326 parco
1667 1300 1713 1320 ac-

192 1341 311 1369 cedente
330 1340 494 1378 oxygenio,
517 1342 621 1370 rodens
648 1341 753 1369 formet
773 1348 835 1368 acre
850 1340 1032 1369 Chemicum.
1080 1340 1163 1378 Quae
1185 1342 1275 1378 hujus
1291 1340 1416 1370 theoriae
1436 1341 1573 1377 sequela}>
1593 1342 1715 1371 nimium

195 1391 346 1420 humidum
366 1399 416 1428 per
437 1392 618 1421 emunctoria
640 1391 735 1420 omnia
751 1391 882 1427 corporis
904 1397 947 1418 est
969 1392 1183 1427 expellendum,
1209 1392 1382 1428 oxygonium
1402 1398 1445 1420 est
1465 1393 1636 1430 arcendum,
1657 1402 1714 1422 am-

196 1441 292 1470 monia
316 1449 366 1477 per
384 1443 471 1470 acida
484 1442 705 1478 generosissima
727 1441 914 1477 corrigenda,
937 1447 964 1468 et
991 1450 1066 1476 quae
1088 1444 1172 1478 plura
1192 1443 1244 1470 alia
1264 1449 1344 1470 sunt.

234 1491 295 1530 Qui
312 1498 405 1520 autem
431 1493 464 1520 ad
489 1492 548 1520 vim
569 1492 684 1520 vitalem
709 1492 756 1519 hic
781 1491 967 1527 potissimum
990 1492 1130 1529 attendit,
1160 1500 1193 1522 ut
1213 1502 1326 1522 causam
1353 1495 1578 1531 compositionis
1600 1497 1713 1533 organi-

197 1551 266 1578 cae,
288 1550 348 1571 tum
372 1543 505 1579 corporis
527 1543 605 1578 sani,
629 1550 689 1571 tum
717 1543 849 1579 corporis
871 1543 1015 1578 morbosi,
1037 1544 1170 1574 dicturus
1196 1552 1255 1579 est,
1282 1545 1396 1582 languet
1420 1545 1449 1574 in
1472 1546 1636 1576 universum
1659 1549 1713 1577 hoc

198 1595 299 1625 morbo
321 1595 366 1624 vis
388 1595 503 1628 vitalis..
524 1603 611 1624 causa
634 1595 876 1632 compositionis,
898 1595 1027 1625 turbatae
1050 1602 1120 1624 sunt
1141 1603 1175 1624 ex
1195 1596 1282 1624 simili
1305 1598 1393 1625 causa
1417 1596 1447 1625 in
1473 1598 1567 1633 specie
1587 1598 1716 1628 functio-

200 1655 251 1675 nes
274 1647 436 1682 naturales,
459 1648 574 1683 languet
597 1649 804 1684 pessundatum
829 1656 864 1676 ex
885 1647 988 1676 morbo
1008 1646 1147 1684 singulari
1170 1654 1197 1676 et
1220 1647 1356 1684 specifico
1380 1649 1466 1677 modo
1489 1655 1613 1685 systema
1635 1659 1718 1679 vaso·

198 1706 260 1726 rum
286 1697 532 1733 sanguiferorum‚
552 1705 580 1726 et
601 1699 643 1727 sic
667 1707 767 1735 porro.
809 1700 973 1728 Conabitur
998 1700 1065 1729 hinc
1091 1699 1222 1728 exhibere
1248 1698 1343 1729 omnia
1365 1709 1395 1729 ea
1417 1699 1525 1735 media,
1549 1700 1655 1735 quibus
1672 1701 1716 1729 vis

198 1749 295 1778 vitalis
316 1749 344 1777 in
364 1749 530 1778 universum
548 1749 709 1785 excitatur,
731 1751 827 1786 qualia
845 1757 914 1780 sunt
930 1752 975 1779 aer
988 1759 1100 1788 purus,
1123 1751 1256 1788 oxygenii
1274 1751 1373 1786 dives,
1396 1751 1479 1786 isque
1497 1750 1613 1787 siccus;
1636 1760 1714 1788 prae-

198 1799 287 1836 cipiet
308 1800 441 1829 alimenta
462 1801 562 1830 leviter
591 1802 790 1838 stimulantia,
820 1811 872 1831 nec
895 1805 948 1831 sua
975 1804 1078 1831 natura
1099 1803 1135 1831 ad
1162 1802 1237 1831 illam
1268 1802 1392 1830 indolem
1416 1802 1635 1831 contrahendam
1658 1803 1716 1832 dis-

201 1852 317 1888 posita,
347 1861 403 1887 qua
427 1852 456 1881 vi
482 1853 561 1881 vitali
587 1860 656 1882 sunt
681 1854 839 1890 contraria3
871 1856 966 1892 qualia
996 1863 1065 1886 sunt
1099 1857 1128 1885 in
1155 1857 1335 1893 putredinem
1367 1856 1462 1886 minus
1492 1864 1581 1893 prona
1606 1864 1717 1894 vegeta-

203 1900 274 1928 bilia
301 1901 441 1937 recentia,
471 1903 602 1938 acidula,
631 1903 688 1932 cibi
716 1904 850 1933 animales
879 1906 950 1935 levis
972 1907 1162 1944 digestionis,
1190 1908 1311 1937 haustus
1341 1908 1463 1944 liquoris
1487 1907 1667 1942 fermentati,
1688 1915 1716 1937 et

204 1951 243 1980 sic
265 1960 373 1987 porro,
396 1953 508 1989 adjiciet
529 1954 730 1983 medicamenta
754 1963 787 1984 ex
816 1957 979 1987 tonicorum
1008 1958 1205 1988 roborantium
1230 1960 1339 1996 classe,
1366 1960 1478 1996 justum
1504 1960 1633 1996 corporis
1655 1962 1716 1989 mo-

203 2009 284 2039 tum,
303 2008 330 2031 et
352 2011 424 2039 quae
446 2003 533 2041 huius
557 2005 667 2042 generis
691 2005 744 2035 alia
765 2013 843 2037 sunt.

1007 2059 1030 2089 F
1051 2069 1068 2089 2
1629 2060 1718 2094 Aliud
