1960 2500
322 178 838 217 COMMENTATIO
898 175 1370 217 THEoLoGICAE:
1554 185 1593 220 33

121 272 153 301 Si
169 271 320 300 nobiscum
342 277 505 307 reputamus
513 269 685 306 judaeorum
703 267 896 296 conditionem
914 267 1095 303 depressam,
1117 268 1253 306 abJectam
1274 278 1301 299 et
1319 271 1511 307 deploratam,
1528 272 1598 302 sub.

82 324 154 359 iugo
180 322 324 357 Herodis,
352 330 436 358 quam
459 320 579 357 pulchre
598 319 735 348 Messian]
763 318 891 355 depingit
918 318 1069 346 Zacharias
1100 325 1234 355 tanquam
1257 330 1348 350 cornu
1372 323 1493 358 salutis,
1524 331 1585 359 quo

83 381 150 401 cum
168 379 252 409 tropo
269 373 351 401 notio
361 373 526 410 potentiae,
547 371 688 399 victoriae
706 379 740 397 ac
750 369 928 406 felicitatis,
950 369 1109 398 arctissime
1132 378 1190 399 erat
1211 373 1386 409 conjuncta?

118 424 149 452 Si
168 423 328 460 cogitamus
348 423 481 458 insuper,
503 429 588 457 quam
612 420 691 448 exosi
707 420 843 448 Hebraeis
872 420 978 448 fuerint
1001 420 1136 449 satellites
1157 421 1244 458 Regis
1269 423 1410 459 Idumaei,
1433 434 1517 460 quam
1538 434 1588 454 ve·

77 481 163 503 nuste
182 475 327 512 Joasmem
345 473 484 510 proponit
499 479 634 507 tanquam
655 471 744 508 Regis
760 471 918 501 Isi-ailiiici
932 478 1155 509 praecursorem
1178 475 1316 511 regnique
1337 475 1488 511 salmtfcri
1498 483 1587 514 pmc-

76 526 194 555 conam?

115 578 256 606 Praeterea
282 577 456 613 Judaeorum
487 583 581 604 mores
604 582 694 610 quum
723 573 812 610 magis
836 573 984 609 magisque
1012 583 1027 602 a
1050 574 1176 610 paternis
1202 574 1376 604 discederent
1398 585 1429 605 ac
1448 578 1588 613 deprava-

75 627 192 663 rentur,
221 634 248 656 et
276 627 306 656 in
327 627 387 656 dies
417 627 585 654 incresceret
596 625 768 662 Judaeorum
796 624 974 662 ignorantia,
1003 625 1143 661 eleganter
1168 632 1195 654 et
1214 626 1361 662 splendide
1380 627 1586 666 Poeta,c0g1u-

74 679 164 708 tionis
179 678 387 713 felicitatisque
408 684 551 707 auctorem
577 685 642 706 cum
664 677 726 705 sole
742 682 907 712 comparat,
929 676 980 712 qui
997 676 1125 714 benignis
1145 676 1239 705 radiis
1260 677 1414 706 collustrat
1430 681 1525 707 omnia
1550 687 1587 707 aa

65 730 167 767 fovet,
188 731 275 766 inque
294 731 372 758 viam
395 731 471 757 recti
491 735 518 757 et
541 731 607 758 veri
626 737 741 756 cursum
763 728 881 765 dirigit.

111 780 182 809 Non
200 780 302 815 utique
315 779 496 808 venustiores
518 786 545 808 et
563 779 792 815 splendidiores,
812 787 904 815 neque
924 779 1066 816 tempori,
1087 787 1180 817 neque
1195 788 1287 810 rerum
1309 780 1470 810 conditioni
1493 780 1587 817 magis

74 831 241 869 adaptataS,
266 831 403 869 imagines
424 839 562 868 usurpare
577 830 674 868 potuit
691 830 794 860 Poeta„

770 923 798 959 s.
840 924 867 951 8.

619 1011 666 1041 Dc
685 1013 861 1041 sublimitate
880 1013 1031 1041 carminis.

108 1090 248 1126 Etiamsi,
271 1091 351 1126 quod
374 1099 460 1127 supra
469 1090 651 1126 monuimus,
679 1092 773 1119 denuo
792 1090 920 1119 lubenter
932 1090 1099 1127 largiamur,
1122 1090 1252 1119 videlicet
1277 1090 1429 1119 Zachariae
1450 1098 1584 1126 cannen-,-

70 1141 210 1177 siquidem
231 1151 297 1170 cum
321 1142 384 1171 aliis
409 1149 590 1178 comparetur
611 1142 790 1178 antiquitatis
816 1142 1026 1176 monumentis,
1049 1141 1172 1170 Pofiseos
1195 1142 1392 1177 exquisitioris
1421 1141 1585 1170 virtutibus>

67 1198 128 1220 non
148 1201 319 1229 magnopere
334 1194 487 1229 excellere3
512 1199 622 1228 tamen,
646 1193 669 1221 si
691 1199 718 1220 et
739 1192 892 1221 notionum
908 1192 1112 1221 sublimitatem
1132 1199 1159 1221 et
1175 1192 1376 1221 sententiarum
1397 1192 1531 1227 pondus,
1553 1198 1585 1219 er.

65 1243 185 1273 omnino
205 1244 342 1273 dictionis
364 1245 529 1281 gravitatem
553 1250 685 1281 spectes,
709 1244 800 1271 multa
818 1250 874 1271 tam
890 1244 1022 1278 excelsa,
1039 1250 1154 1278 tamque
1170 1243 1320 1279 magnifica
1338 1243 1368 1271 id
1383 1243 1491 1279 spirate
1512 1250 1585 1271 con-

62 1294 227 1331 tendimus,
249 1302 300 1331 ut,
321 1296 431 1324 etiamsi
449 1296 546 1325 Lucas
567 1296 597 1324 id
614 1303 674 1324 non
698 1295 871 1330 indicasset,
892 1294 1034 1324 Divinum
1055 1293 1184 1323 afflatum
1201 1302 1435 1331 agnosceremus.

92 1346 218 1374 *Etenim
247 1355 291 1375 res
327 1354 449 1377 remotas
487 1354 622 1383 tanquam
653 1354 814 1385 praesentes
846 1345 941 1374 animo
972 1345 1111 1381 proponit
1136 1345 1231 1374 Poeta.
1282 1344 1406 1374 Gentem
1435 1346 1522 1374 modo
1548 1344 1588 1371 inv

60 1396 230 1426 sewitutem
255 1398 418 1434 redactam,
436 1399 494 1436 jam
518 1398 686 1433 liberatam,
714 1405 741 1427 et
766 1396 957 1427 illustrissimi
978 1396 1093 1431 herois,
1122 1395 1202 1424 brevi
1222 1402 1292 1432 post
1316 1404 1331 1424 e
1354 1396 1442 1429 stirpe
1460 1393 1581 1422 Davidi-

62 1453 115 1480 ca,
138 1453 310 1480 quamquam
327 1450 409 1477 valde
429 1451 579 1485 depressa,
601 1448 759 1484 nascituri,
776 1449 901 1477 adventu
919 1447 1135 1477 beatamxvidet„
1172 1446 1250 1475 Huic
1273 1446 1340 1474 talis
1361 1454 1392 1473 ac
1414 1444 1487 1472 tanti
1509 1444 1581 1472 libe-

59 1495 167 1525 ratoris
187 1495 373 1531 descriptioni
395 1498 520 1526 multum
540 1500 675 1535 ponderis
695 1500 821 1534 accedit,
844 1500 989 1529 mentione
1007 1499 1082 1527 facta
1104 1498 1329 1534 Prophetarum,
1359 1503 1481 1531 quorum
1505 1495 1583 1523 vati-

58 1548 136 1577 cinia
159 1546 280 1583 copiosa
304 1553 331 1574 et
353 1547 456 1576 eximia
480 1550 514 1577 de
534 1558 624 1585 regno
645 1550 771 1578 Messiae
795 1551 909 1588 jamjam
932 1557 1038 1579 eventu
1060 1549 1280 1585 comprobatum
1306 1548 1343 1576 iri
1363 1553 1440 1575 certo
1466 1546 1580 1576 statuit.

60 1598 175 1629 Crescit
193 1598 310 1634 insuper
332 1598 422 1627 oratio
439 1600 712 1629 commemoratione
733 1602 892 1638 majorum,
912 1600 1045 1637 inprimis
1067 1609 1135 1629 vero
1155 1599 1331 1633 Abrahami,
1353 1598 1437 1635 euJ'us
1455 1596 1531 1633 genti
1545 1605 1580 1625 ea

61 1649 201 1680 divinitus
220 1649 296 1677 facta
317 1655 392 1677 esset
412 1650 593 1686 promissio,
612 1651 690 1687 fore,
714 1659 748 1681 ut
769 1653 896 1682 omnium
923 1652 1013 1682 totius
1035 1658 1172 1681 terrarum
1197 1651 1276 1680 orbis
1298 1650 1474 1686 populorum
1496 1649 1576 1677 salus

59 1710 95 1731 ex
113 1709 144 1730 ea
169 1701 299 1736 prodeat.

99 1752 174 1781 Mox
191 1751 225 1780 ad
250 1756 349 1779 natum
380 1752 436 1780 sibi
462 1752 555 1782 filium
578 1756 756 1791 eundemque
779 1756 971 1792 maximopere
990 1760 1155 1791 exoptatum
1179 1754 1287 1782 directo
1314 1759 1462 1786 sermone,
1488 1751 1522 1778 de
1541 1758 1576 1780 eo

64 1811 181 1841 quoque
203 1810 248 1831 res
268 1801 404 1831 maximas
428 1811 602 1841 auguratur,
632 1812 659 1834 et
682 1806 799 1835 elatiore
824 1807 963 1836 orationis
993 1815 1093 1842 genere
1114 1805 1270 1842 praedicit,
1290 1812 1374 1839 quem
1403 1801 1513 1830 scilicet
1533 1801 1576 1829 in-

61 1855 141 1893 signe
161 1854 259 1890 stirpis
275 1862 343 1882 suae
357 1854 461 1890 decus,
483 1855 541 1884 imo
562 1864 630 1885 vero
651 1856 775 1887 Messiae
799 1859 967 1887 ministrum
985 1857 1047 1886 fore
1068 1856 1233 1891 contendit,
1255 1855 1305 1890 qui
1318 1855 1491 1891 Judaeorum
1516 1852 1578 1881 ani-

62 1914 125 1934 mos
143 1905 178 1934 ad
194 1905 344 1934 instantem
365 1906 452 1943 hujus
473 1907 545 1936 tanti
562 1907 649 1944 Regis
672 1909 825 1937 adventum
842 1915 1080 1945 praeparaturus,
1102 1915 1129 1936 et
1146 1906 1400 1936 desideratissimae
1421 1905 1455 1933 ab
1477 1913 1509 1932 eo
1532 1902 1580 1930 af-.

63 1955 189 1986 ferendae
216 1957 320 1988 salutis
342 1965 375 1987 ae
400 1957 543 1988 beatitatis
565 1959 683 1989 modum
712 1968 745 1990 ac
776 1960 918 1989 rationem
941 1961 1164 1996 explanaturus,
1195 1966 1353 1994 omnesque
1382 1949 1590 2000 musti-issimi·

842 2010 871 2039 E
1511 2009 1579 2029 mu-⁴
