1940 2474
421 164 976 199 COMMENTATIO
1032 166 1356 199 CHEMICA.
1590 168 1634 212 69

130 253 370 288 relinquerentur:
393 253 468 282 Idem
493 263 558 282 cum
579 253 786 289 Atmosphaera
807 253 928 281 obtinet.
972 253 1026 282 Est
1042 253 1087 282 vis
1106 254 1251 283 attracti-ix
1273 256 1307 283 ad
1331 256 1549 292 proportionem
1566 265 1629 292 per-

127 312 242 340 petuam
268 305 338 333 inter
360 305 501 342 principia
524 305 750 341 Atmosphaerae
774 305 954 339 servandam3
984 305 1071 341 hujus
1090 312 1183 333 autem
1209 306 1328 335 effectus
1356 308 1520 343 promptior
1540 308 1631 336 reddi·

127 361 175 384 tur
197 363 282 391 atque
313 357 469 391 efficacior,
495 357 588 385 ventis
610 356 710 384 aliisve
734 355 844 390 causis,
875 355 984 391 quibus
1008 355 1037 384 in
1060 363 1170 385 motum
1194 357 1285 385 cietur
1304 358 1529 395 Atmosphaera:
1552 368 1631 396 prae-

122 407 223 443 primis
246 416 336 443 quum
361 409 418 444 Jam
442 407 635 441 observaverit
654 407 701 434 Ill.
724 406 894 435 Priestleius
920 407 1022 444 (12),
1044 414 1145 443 postea
1165 409 1395 439 confirmaverint
1415 411 1631 446 Berthollctus,

123 457 287 493 Dattonus,
308 459 395 487 fluida
413 459 530 487 elastica
547 466 651 495 gazosa
673 466 732 486 eam
756 457 858 486 habere
881 456 1065 493 facultatem,
1089 466 1142 494 ut,
1163 460 1189 488 si
1211 469 1306 490 secum
1328 461 1448 490 invicem
1466 462 1496 490 in
1513 469 1629 491 contac-

124 515 186 538 tum
212 510 340 544 veniant,
364 516 450 545 atque
473 509 512 538 ita
532 508 625 544 quieti
648 508 768 543 dentur,
789 516 891 544 magna
913 507 944 536 vi
964 508 1194 546 immisceamur,
1215 512 1282 540 licet
1301 512 1484 550 singulorum
1507 514 1630 550 gravitas

122 560 256 596 specifica
281 569 452 597 magnopere
480 560 606 595 differat3
637 568 730 595 neque
749 565 863 587 tantum
880 559 909 587 id
929 558 1036 595 facere,
1061 561 1087 589 si
1109 562 1296 598 superficies,
1324 573 1380 599 qua
1405 564 1434 593 in
1465 571 1631 594 contactum

123 619 232 648 ruunt,
257 613 350 648 ampla
373 612 411 640 sit
434 613 558 646 et-lata,
580 619 678 639 verum
704 618 732 639 et
754 611 778 639 si
799 610 985 647 paucissimis
1007 612 1125 646 punctis
1146 621 1177 640 se
1198 620 1316 651 tangant
1336 615 1460 652 singula.

163 663 278 701 Quanta
304 672 370 692 vero
399 669 541 698 praestent
563 661 659 696 venti,
687 661 790 690 clarius
818 668 952 697 apparet,
974 661 998 690 si
1025 662 1238 692 consideremus
1260 665 1448 701 directiones,
1479 676 1550 702 quas
1575 676 1636 697 ser·

123 714 304 749 vantventi3
327 714 438 750 patebit
461 713 534 741 enim
560 713 612 741 has
641 713 811 741 directiones
832 713 871 741 ita
898 722 959 742 esse
983 722 1179 750 comparatas,
1209 722 1242 743 ut
1265 717 1373 752 optime
1392 726 1505 746 omnem
1531 719 1637 748 Atmo·

124 765 270 801 sphaeram
296 764 412 799 possint
433 772 562 798 movere,
583 770 610 791 et
631 763 704 791 inter
726 772 757 792 se
772 764 906 792 miscere:
930 773 1016 800 quam
1037 766 1194 794 doctrinam
1215 767 1281 795 licet
1304 768 1501 804 gravissimam
1523 777 1637 805 tamen,

123 823 160 844 ne
179 815 293 851 longior
314 814 388 849 sim,
411 814 457 842 hic
480 813 580 851 paucis
603 814 691 843 dtbeo
706 815 866 843 absolvere.
888 832 923 838 —
949 816 1066 851 Spirant
1084 817 1162 844 venti
1180 824 1364 853 constantes,
1387 819 1496 855 spirant
1516 820 1643 848 variabi-

123 866 183 901 les,
214 865 322 901 spirant
342 865 375 893 ab
401 865 479 893 omni
502 873 581 901 parte
604 875 706 894 versus
729 875 829 894 omnes
849 873 963 902 partes,
991 868 1101 903 spirant
1124 869 1159 896 ab
1184 869 1291 897 oriente
1312 878 1413 898 versus
1441 871 1638 907 occidentem,

123 926 139 946 a
161 917 238 953 polis
263 918 298 945 ad
317 923 514 952 aequatorem,
536 916 569 944 ab
593 923 744 952 aequatore
766 917 800 945 ad
815 918 914 952 polos.
952 917 1066 955 Quodsi
1084 927 1151 947 vero
1171 928 1291 954 causas,
1313 921 1418 956 quibus
1435 922 1513 950 venti
1538 923 1637 952 oriun-

123 975 191 1003 tur,
213 967 346 996 nonnihil
367 967 530 1004 indagemus
541 988 552 1002 ,
568 967 672 996 clarius
689 968 756 996 haec
774 975 923 997 ventorum
942 969 1062 997 efficacia
1077 970 1238 1006 videbitur3
1257 971 1352 1000 causis
1370 972 1444 1000 enim
1462 974 1634 1009 respondent

122 1019 254 1048 effectus.
296 1018 445 1055 Ingeniose
465 1018 660 1047 inventorum
681 1028 781 1047 causas
802 1019 1014 1055 inquisiverunt
1029 1020 1203 1049 celeberrimi
1217 1022 1334 1058 Physici
1351 1023 1385 1051 de
1399 1023 1485 1059 Luc,
1506 1024 1635 1062 Hallqy,

123 1070 249 1100 Kantius
268 1077 295 1098 et
317 1069 518 1104 Alcmbertus,
540 1077 567 1097 et
588 1070 685 1105 plures
708 1070 879 1098 invenerunt
900 1080 1017 1100 causas:
1139 1106 1143 1108 q

162 1130 193 1150 ι.
212 1121 278 1149 Huc
297 1120 409 1149 faciunt
431 1121 515 1149 Luna
536 1127 564 1148 et
587 1121 657 1155 Sol,
681 1121 747 1156 qui,
772 1128 805 1149 ut
824 1130 926 1157 aquam
953 1124 1019 1151 loco
1043 1130 1176 1159 movent,
1198 1125 1346 1161 aestuique
1367 1126 1451 1156 maris
1475 1128 1639 1163 producen-

121 1173 159 1202 do
175 1173 253 1201 haud
264 1181 365 1208 parum
381 1172 590 1207 contribuunt,
614 1172 706 1200 multo
723 1172 830 1209 ‚majori
855 1173 976 1202 efficacia
1005 1174 1034 1202 in
1060 1175 1132 1203 illud
1154 1175 1274 1204 fluidum
1300 1185 1388 1213 agunt
1414 1179 1636 1214 Atmosphaeri-

122 1232 208 1260 cum,
231 1224 310 1259 quod
329 1223 429 1252 Lunae
453 1229 480 1251 et
503 1223 564 1251 Soli
586 1223 727 1258 propius,
749 1230 775 1251 et
799 1231 937 1259 praeterea
961 1225 1129 1253 clasticum:

161 1285 190 1304 2.
212 1276 289 1303 Solis
313 1276 408 1310 calor3
431 1274 543 1302 scilicet
563 1275 593 1302 in
615 1275 744 1309 regiones
766 1274 979 1309 aequinoxiales
1009 1275 1098 1312 magis
1118 1277 1266 1306 verticales
1289 1278 1422 1308 incidunt
1443 1280 1520 1310 Solis
1544 1282 1633 1318 radii;

120 1326 196 1355 unde
213 1325 265 1360 fit,
286 1331 318 1353 ut
342 1325 400 1352 illic
417 1333 589 1360 magnopere
602 1325 810 1360 Atmosphaera
830 1326 1004 1361 incalescat,
1028 1326 1119 1355 levior
1139 1328 1256 1363 evadat,
1279 1330 1449 1359 verticaliter
1465 1333 1634 1369 adscendat,

121 1382 148 1405 et
164 1385 179 1406 a
197 1383 277 1413 parte
296 1375 473 1404 meridionali
496 1382 523 1403 et
544 1376 761 1411 septentrionali
781 1377 870 1405 irruat
891 1385 937 1405 aer
956 1376 1101 1413 frigidior.

128 1439 139 1442 -
161 1437 191 1464 3.
213 1427 332 1455 Rotatio
353 1427 483 1455 Telluris
509 1426 583 1454 circa
604 1427 688 1455 axin:
717 1427 828 1455 scilicet
854 1428 910 1455 sub
940 1435 1092 1462 aequatore
1118 1429 1244 1459 Telluris
1276 1432 1441 1468 superficies
1463 1441 1491 1462 et
1515 1435 1637 1465 Atmosa

123 1479 227 1515 phaera
248 1478 314 1506 dato
335 1484 461 1512 tempore
481 1477 573 1512 majus
597 1484 770 1512 percurrunt
795 1478 941 1517 spatium,
960 1487 1044 1513 quam
1061 1480 1096 1507 ad
1110 1481 1215 1515 polos,
1238 1483 1283 1510 vel
1308 1484 1456 1512 columnae
1473 1493 1565 1514 aereae
1579 1487 1637 1516 snb·

122 1536 274 1566 aequatore
293 1527 412 1556 celerius
440 1534 609 1562 moventur,
635 1537 720 1563 quam
743 1530 778 1556 ad
807 1529 904 1564 polos.
956 1529 1026 1558 Non
1055 1537 1151 1566 potest
1181 1531 1253 1567 quin
1283 1532 1321 1561 ita
1348 1535 1425 1563 venti
1449 1536 1635 1567 efficacissimi

121 1587 152 1612 et
173 1580 243 1608 satis
264 1585 430 1608 constantes
452 1578 597 1613 oriantur,
618 1585 705 1613 atque
728 1579 777 1607 tali
803 1580 896 1608 medio
916 1582 1114 1618 multipliciter
1137 1591 1182 1611 aer
1207 1583 1369 1613 misceatur.
1391 1601 1427 1608 --
1448 1587 1521 1616 Sunt
1546 1599 1638 1625 porro

122 1631 191 1660 aliae
209 1639 309 1659 causae
330 1636 499 1664 ventorum,
520 1636 548 1657 at
568 1629 662 1658 minus
680 1638 862 1668 constantes,
884 1633 974 1668 magis
998 1633 1129 1669 topicae:
1153 1642 1317 1664 enarrantur
1331 1637 1450 1665 liuidum
1470 1640 1635 1671 elec-tticum

122 1691 140 1711 a
160 1682 236 1710 nube
255 1682 285 1709 in
309 1681 414 1709 nubem
436 1680 593 1715 nansienS,
623 1680 751 1718 ingentes
776 1683 856 1712 nivis
881 1692 990 1711 massae
1018 1684 1148 1712 cadentes
1172 1685 1206 1713 de
1236 1694 1333 1714 monte
1355 1687 1384 1715 in
1409 1696 1551 1726 montem,
1583 1699 1634 1720 aut

123 1740 238 1762 ruentes
257 1741 357 1761 versus
381 1731 546 1766 Tellurem,
569 1731 674 1768 insigni
698 1733 727 1761 vi
751 1742 969 1771 prorumpentes
989 1743 1127 1770 aquarum
1148 1742 1318 1772 cataractae,
1340 1738 1373 1766 de
1397 1741 1538 1770 montium
1563 1744 1630 1772 late-

125 1784 205 1813 ribus
226 1785 404 1812 decurrentes
431 1782 506 1810 nivis
528 1782 608 1810 susae
630 1783 683 1811 rivi
705 1785 800 1822 (13).

165 1835 327 1872 Supersunt
358 1841 451 1862 autcm
481 1835 539 1862 duo
566 1835 680 1869 media,
701 1844 772 1870 quac
793 1836 827 1864 ad
854 1842 965 1865 motum
990 1837 1060 1865 aeris
1085 1837 1215 1873 faciunt,
1242 1839 1319 1867 omni
1350 1842 1507 1871 attentione
1528 1844 1632 1881 dignu

125 1894 248 1922 quorum
267 1887 387 1914 alterum
407 1886 497 1913 situm
521 1892 564 1913 est
586 1885 616 1913 in
636 1892 822 1922 temperatura
843 1887 914 1916 aeris
935 1887 1062 1923 diversa,
1085 1897 1159 1923 quae
1181 1890 1333 1926 praecipue
1347 1892 1452 1928 justam
1473 1903 1563 1930 aquae
1583 1905 1633 1925 co-

1560 1946 1639 1982 piam

154 2010 222 2040 (η)
239 2013 348 2038 rhamon,
363 2013 378 2033 Ι.
395 2013 410 2034 1.
427 2014 492 2035 Tum.
507 2014 534 2036 V.
550 2021 571 2041 p.
586 2019 715 2040 3¹2-323.

154 2053 219 2081 (η)
235 2054 286 2077 vid.
301 2054 424 2078 nonu-1.
439 2056 454 2077 Ι.
472 2056 538 2078 Tom-
553 2056 590 2078 vl.
604 2063 627 2084 p.
639 2061 769 2092 azo-3¹3.
800 2057 947 2085 Lampadium,
962 2059 978 2080 Γ.
992 2059 1008 2081 Ι.
1023 2066 1047 2086 p.
1064 2063 1102 2086 ¹7⁵
1112 2069 1139 2077 -
1153 2058 1198 2086 196.
1212 2064 1234 2081 ct
1247 2064 1349 2084 auctores
1363 2059 1395 2083 ibi
1411 2061 1498 2086 citatoz.

897 2098 912 2128 1
934 2107 950 2135 3
