1960 2500
351 171 375 202 8
734 161 1491 203 ΡΒΧΕΜΘΝΕΝΠᾙ,

356 264 460 294 nempe
493 275 510 290 „
525 254 656 290 Tempus
677 259 721 281 est
747 252 919 282 accidentale
936 251 1067 288 plantae,
1093 258 1145 279 nec
1169 249 1199 279 in
1223 251 1320 287 planta
1345 251 1490 286 existens,
1518 252 1569 281 sed
1591 254 1689 289 potius
1715 257 1812 293 planta
1836 259 1869 288 in

360 331 378 346 „
398 315 540 343 ternpore3
572 304 726 334 mutationi
750 303 825 333 enim
854 303 978 333 obnoxia
1003 308 1070 331 sunt
1094 308 1221 338 tempora
1249 304 1412 340 plantarum
1441 310 1492 330 nec
1514 309 1608 338 partes
1631 313 1725 336 earum
1755 308 1866 338 consti-

360 380 379 397 „
397 365 509 388 tuentes
530 358 591 394 (αα
601 356 649 394 ).”

396 410 496 444 Haec,
523 416 595 445 quae
612 408 726 443 Vobis,
752 407 814 435 Viri
836 405 1017 436 Clarissimi!
1045 405 1101 442 jam
1126 403 1235 440 offer-o‚'
1253 405 1367 443 fructus
1388 410 1457 434 sunt
1476 404 1696 440 Institutionum
1718 409 1869 449 Acadumi7

359 469 477 495 carum,
501 460 609 496 quibus
630 467 679 495 per
703 458 800 495 plures
824 466 914 486 annos
939 456 996 486 frui
1018 456 1162 493 contigit,
1191 462 1282 492 utque
1304 457 1371 485 illos
1396 463 1530 491 tanquam
1554 458 1714 488 studiorum
1739 470 1868 496 meorum

358 511 486 549 primitia
512 511 633 546 benigne
655 509 822 546 accipiatis,
849 509 930 539 eulxe
948 517 1039 545 rogo,
1061 507 1151 545 probe
1172 507 1295 537 sentiens
1308 528 1318 544 ,
1342 514 1479 544 quantum
1500 509 1536 538 ad
1555 517 1600 537 me
1620 511 1757 546 pertineat
1778 513 1868 543 hocce

360 563 483 591 Bacom's
504 562 611 591 dictum
621 571 628 590 :

554 686 572 700 „
592 664 685 703 Quam
712 664 824 700 quidem
843 664 877 692 ad
897 651 955 693 rem
985 663 1277 700 (perambulationem
1300 663 1444 692 doctrinae
1462 669 1490 692 et
1513 664 1711 693 lustrationem
1735 665 1868 704 fidelem)

510 736 528 752 ,‚
549 724 615 744 cum
647 724 690 744 me
715 724 848 752 comparo
877 722 904 744 et
929 715 1081 752 accingor,
1111 724 1170 744 non
1202 724 1264 744 sum
1291 715 1426 750 nescius,
1457 722 1595 750 quantum
1623 724 1697 751 opus
1722 720 1866 754 m'oveam,

510 787 527 802 „
546 775 691 807 ¹quamque
710 767 851 797 difficilem
870 766 1046 805 provinciam
1066 767 1241 805 sustineam,
1269 767 1370 804 etiam,
1400 774 1484 804 quam
1509 766 1570 797 sint
1586 767 1670 798 vires·
1683 767 1796 798 minime
1813 777 1865 800 vo-

513 837 531 854 „
553 817 657 846 luntati
678 817 798 854 pares·”

391 947 451 974 (υ.)
467 946 519 972 Vld.
539 946 622 977 Panos.
643 949 693 973 Bor.
715 951 735 978 S.
748 950 797 974 268.

1649 1980 1849 2013 zLENCfflJ
1850 1982 1868 2012 S
