1940 2474
415 152 936 190 COMMENTATIO
993 156 1316 188 CHEMICA.
1579 156 1620 201 59

141 248 249 279 Poterit
267 246 341 275 ultra
361 245 439 274 hunc
464 244 582 273 unionis
605 241 780 272 fortissimae
805 241 956 270 terminum
980 242 1126 271 adhaerere
1149 243 1345 280 principium,
1368 243 1412 274 vel
1435 252 1542 280 corpus
1565 243 1613 272 ali-

102 301 204 339 qu0d3
226 299 282 328 hoc
307 306 393 334 vero,
417 296 442 326 si
462 295 573 325 solutio
596 294 653 324 sibi
677 293 866 329 relinquitur,
888 301 940 323 sua
962 299 1068 330 sponte
1083 301 1239 330 separatur.

793 370 822 407 s.
864 370 912 407 65.

139 453 196 483 Est
220 454 290 483 haec
309 454 374 488 lex,
396 460 469 488 quae
490 451 520 479 in
542 450 629 479 aerem
650 447 900 478 Atmoshaericum
925 449 1047 483 valeret,
1068 454 1096 476 et
1120 456 1154 477 ex
1177 456 1233 485 qua
1251 450 1387 486 princeps
1414 450 1486 479 mihi
1503 450 1616 480 videtur

99 506 225 543 intelligi
246 505 390 539 medium,
415 513 473 540 quo
501 508 596 532 servat
619 501 732 529 Natura
752 505 932 527 memoratam
958 499 1168 536 principiorum
1191 503 1419 537 proportionem.
1460 503 1549 542 Quod
1570 511 1617 532 aSae

96 565 209 588 sertum
233 563 265 585 ut
290 556 445 592 probetur,
469 554 540 583 mihi
560 551 813 582 demonstrandum
832 549 991 578 incumbit:

138 610 161 638 I.
183 608 329 644 Principia
349 606 578 643 Atmosphaerae
594 613 654 634 non
675 611 739 632 esse
760 602 866 636 mixta,
889 610 988 631 verum
1006 602 1143 632 Chemice
1164 605 1310 641 copulata.

124 660 164 690 Π.
185 660 228 689 Ea
249 659 277 688 in
296 658 487 696 proportIOne
504 659 572 687 haec
594 654 736 694 principia
757 653 916 683 fortissime
937 654 1104 691 cohaerere,
1127 664 1184 692 qua
1207 657 1252 685 aer
1270 656 1528 693 Atmosphaericus
1553 658 1618 687 inde

192 711 392 740 constituitur.

140 763 242 792 Habeo
259 769 352 790 autem
366 770 423 789 rem
440 761 487 789 hic
505 759 700 797 exponendam
720 758 815 796 magni
835 758 988 793 momenti,
1010 766 1102 794 neque
1125 765 1218 788 tamen
1237 767 1286 795 ea,
1309 769 1366 795 qua
1385 759 1469 796 digna
1486 760 1621 798 videtur,

94 820 227 843 accurata
249 813 430 849 indagatione
457 812 650 846 enucleatam3
682 810 791 839 accedit
819 810 1008 845 plurimorum
1034 810 1226 846 Physicorum
1255 811 1413 840 illustrium
1444 813 1620 850 auctoritas,

98 865 265 903 Jacqus'ni,
286 863 429 899 Daltom',
451 863 593 898 aliorum,
613 861 664 898 qui
691 862 762 890 aeris
787 861 978 890 mechanicam
1000 862 1242 898 compositionem
1264 862 1436 899 defendant3
1459 863 1523 901 ipse
1547 871 1620 901 quo-

99 924 159 952 que
186 915 324 944 Thenard
350 924 441 951 nuper
467 916 501 943 de
526 915 578 942 hac
603 922 632 942 re
655 919 750 949 aperte
782 921 862 941 suam
894 912 1017 948 protulit
1046 913 1234 949 sententiam,
1264 915 1354 942 aerem
1384 915 1524 945 affirmans
1545 917 1619 948 nihil

96 967 179 996 aliud
197 975 276 1001 esse,
305 975 391 1003 qua-m
420 965 648 1002 principiorum,
678 964 787 1000 quibus
812 964 974 1000 conflatur,
1003 965 1147 994 miscelam
1176 965 1267 1002 (vid,
1297 966 1404 995 Traitd
1424 966 1459 995 de
1489 967 1618 1004 Chimie,

94 1025 158 1056 par
181 1017 335 1052 The-nard,
357 1017 446 1046 Tom.
463 1017 486 1046 1.
509 1027 540 1053 p.
561 1018 614 1052 167
635 1023 663 1045 et
685 1025 717 1053 p.
736 1017 827 1054 195.)
873 1016 949 1044 Sunt
973 1016 1088 1052 quidem
1116 1017 1251 1054 Physici,
1282 1017 1333 1053 qui
1357 1017 1522 1047 Chemicam
1547 1020 1618 1049 aeris

97 1069 311 1105 principiorum
343 1070 477 1105 copulam
503 1073 637 1107 anntg.
665 1068 801 1096 videntur
832 1068 877 1096 his
900 1067 1031 1104 partibus
1060 1069 1171 1097 adstare
1197 1068 1406 1105 ercroyius,
1434 1070 1620 1108 Thomsorms,

98 1120 200 1149 forsan
224 1121 339 1156 plures;
363 1120 394 1148 hi
411 1128 480 1151 vero
504 1119 599 1149 eximii
618 1119 765 1154 Chemici,
786 1119 929 1156 ejusmodi
950 1119 1051 1148 litibus
1073 1128 1135 1148 sese
1155 1120 1314 1148 immiscere
1334 1129 1400 1149 cum
1423 1130 1483 1150 non
1505 1124 1622 1159 permit-

98 1177 171 1201 teret
194 1171 378 1207 propositum
404 1170 572 1207 scriptIOnis
597 1170 770 1206 consilium,
793 1172 865 1200 hanc
885 1179 942 1200 rem
964 1179 1066 1207 parum
1089 1178 1244 1207 curarunt,
1272 1179 1392 1207 eamque
1412 1174 1458 1202 vel
1482 1175 1562 1203 omni
1580 1174 1617 1204 si-

97 1221 188 1251 lentio
212 1222 459 1259 praeteriverunt,
485 1223 531 1251 vel
551 1222 661 1259 passim
686 1228 714 1251 et
737 1222 837 1250 leviter
861 1228 1032 1252 tractarunt.
1053 1236 1089 1244 —
1117 1223 1219 1259 Itaque
1241 1223 1343 1259 liceat,
1369 1224 1442 1259 quid
1467 1224 1538 1253 mihi
1560 1226 1621 1262 pla-

98 1279 181 1308 ceat,
209 1274 297 1309 paulo
329 1273 454 1309 amplius
481 1281 634 1309 exponere:
667 1282 740 1308 quae
764 1273 911 1310 expositio
945 1274 970 1302 si
998 1282 1110 1310 scopo,
1142 1283 1227 1310 quem
1251 1275 1390 1312 attingere
1416 1276 1534 1312 studui,
1561 1284 1622 1308 non

100 1324 185 1362 plene
203 1322 397 1359 satisfecerit,
419 1323 491 1351 mihi
510 1324 570 1359 jam
592 1323 731 1360 sufficiet,
751 1324 776 1352 si
800 1333 829 1353 re
849 1325 912 1361 ipsa
928 1333 988 1354 non
1009 1325 1128 1363 indigna
1146 1325 1303 1363 iudicetur.

798 1401 826 1437 ς.
866 1403 917 1433 66.

140 1477 164 1506 1.
179 1476 286 1505 Utrum
299 1484 420 1512 corpora
432 1475 603 1504 Mechaniee
615 1476 676 1505 -sint
688 1476 795 1512 mixta,
809 1482 858 1505 aut
871 1485 922 1513 per
930 1477 1095 1507 Chemicam
1109 1478 1285 1508 solutionem
1299 1480 1359 1509 sint
1373 1481 1526 1517 copulata,
1543 1482 1563 1511 i.
1574 1491 1621 1519 e.‚

100 1535 199 1558 utrum
221 1536 271 1564 per
293 1527 520 1565 aggregationem
541 1528 586 1555 vel
604 1535 656 1564 per
677 1527 839 1557 affinitatem
861 1529 1041 1566 coaluerint,
1063 1529 1247 1566 potissimum
1272 1530 1413 1568 intelliges
1434 1531 1623 1571 inquirendo,

102 1589 173 1610 num
195 1580 227 1608 vi
249 1579 446 1616 qualicunque
467 1578 630 1607 mechanica
651 1580 713 1608 sola
735 1580 853 1616 possint
874 1581 1016 1617 separari,
1039 1590 1074 1610 an
1096 1590 1164 1611 vero
1178 1582 1298 1612 affinitas
1323 1582 1460 1612 divellens
1489 1584 1626 1615 Chemica

104 1632 163 1661 huc
179 1631 352 1668 requiratur.
393 1630 427 1659 In
449 1630 539 1667 priori
562 1639 631 1659 casu
655 1631 742 1660 habes
756 1632 1006 1670 aggregationem,
1032 1632 1061 1662 in
1084 1633 1239 1669 posteriori
1255 1634 1430 1663 solutionem
1447 1635 1623 1667 Chemicam.

102 1681 209 1713 Verum
235 1690 318 1711 nemo
341 1682 448 1719 poterit
469 1683 566 1718 aliqua
588 1683 617 1711 vi
639 1683 810 1712 Mechanica
834 1693 888 1721 gaz
912 1691 1029 1714 azotum
1050 1693 1065 1713 a
1088 1693 1141 1722 gaz
1168 1686 1331 1723 oxygenio,
1353 1695 1407 1723 gaz
1430 1687 1542 1717 acidum
1566 1698 1624 1718 car-

102 1734 241 1764 bonicum
262 1734 296 1763 ab
320 1734 375 1763 hoc
397 1740 540 1770 utroque,
561 1741 589 1763 et
609 1743 700 1771 aquae
721 1744 856 1772 vaporem
871 1736 906 1765 ab
922 1736 970 1769 his
991 1736 1132 1773 singulis,
1156 1745 1294 1773 separare.
1318 1753 1352 1759 —
1373 1738 1511 1768 Centenis
1528 1740 1622 1769 modis

103 1793 205 1816 contra
233 1793 360 1822 quatuor
390 1787 459 1815 haec
485 1786 520 1814 ab
551 1795 582 1816 se
610 1787 732 1815 invicem
755 1795 940 1824 separantur,
968 1789 1017 1817 sed
1040 1788 1085 1817 his
1115 1788 1250 1817 omnibus
1281 1789 1446 1825 Chemicis,
1473 1799 1506 1819 ex
1535 1791 1623 1821 affini-

106 1843 164 1866 tate
185 1837 322 1867 Chemica
352 1838 544 1874 pendentibus
560 1859 570 1873 ,
600 1839 787 1868 determinato
817 1839 906 1876 gradu
936 1845 1065 1870 actuosa.
1113 1839 1162 1870 Sic
1193 1841 1366 1878 oxygenium
1396 1849 1542 1878 separatur
1569 1851 1625 1880 ope

106 1889 234 1918 omnium
257 1889 528 1925 combusdbilium,
552 1898 607 1926 ope
628 1899 786 1927 corporum
814 1891 845 1921 in
871 1892 964 1928 oxyda
986 1893 1205 1929 vertendorum3
1237 1893 1276 1922 ita
1298 1901 1366 1922 vero
1396 1902 1455 1922 non
1478 1901 1625 1930 separatur

105 1940 279 1976 oxygonium
309 1948 363 1975 eo,
393 1941 472 1975 quod
502 1941 671 1970 adhibeatur
703 1952 812 1980 corpus
844 1943 1040 1980 qualicunque
1068 1945 1155 1974 modo
1185 1945 1362 1981 oxydabile‚
1390 1946 1441 1974 sed
1472 1946 1624 1983 oxydabile

107 1997 188 2019 certo
219 1992 323 2029 gradu,
352 1990 459 2021 indicio
486 2000 566 2024 certo
596 1995 684 2031 gradu
714 1994 769 2024 hoc
794 1995 970 2033 oxygenium
992 1995 1024 2026 in
1051 1996 1112 2026 aere
1135 1996 1376 2035 Atmosphacrico
1399 2005 1461 2027 esse
1488 1997 1621 2035 ligatum.

869 2046 900 2077 H
921 2056 939 2076 ι
1561 2049 1624 2078 Sul<
