1960 2500
342 157 396 203 38
698 148 913 190 ‘ACTA
971 155 1035 182 ΙΝ
1094 140 1440 182 SENATU.

389 259 540 305 Ingressis
567 258 601 288 in
619 256 771 284 Senatum
788 249 837 280 111.
861 245 1074 280 Curatoribus
1093 269 1102 284 ‚
1134 245 1228 277 solito
1247 255 1353 283 more,
1373 245 1487 275 Rector
1509 238 1711 283 designatus,
1734 235 1809 269 dein

348 329 516 364 'Actuarius
547 319 776 365 Jusjurandum
805 316 1037 360 praestiterunt.
1089 313 1176 344 Dein
1207 316 1321 345 Rector
1350 310 1545 354 Magnificus
1578 310 1613 340 in
1645 304 1814 341 Auditorio

348 398 525 431 solemnem
545 389 657 422 habuit
687 387 872 418 Orationem
893 383 932 414 de
953 380 1137 413 Commodis
1159 388 1255 423 atque
1279 380 1495 412 emolumentis
1506 401 1517 416 ‚
1553 389 1637 421 quae
1659 389 1678 408 e
1707 380 1814 420 singu-

355 466 415 497 lari
443 462 624 502 Principum
651 458 907 497 Eumpaeomm,
937 452 969 480 in
990 448 1150 491 Relzgrmne
1178 448 1351 479 Christiana
1375 448 1422 478 his
1453 446 1643 488 temporibus
1659 449 1818 490 profiten-

353 532 414 570 da,
436 537 584 561 consensu
613 533 742 567 sperare
767 528 799 552 et
822 520 976 562 augurari
999 516 1092 548 liceat
1100 529 1110 555 ;
1140 523 1172 548 et
1196 516 1258 548 hoc
1286 515 1432 547 absoluto
1459 521 1648 557 argumento
1675 517 1819 558 primum

357 596 550 633 Academiae
576 593 637 624 hoc
671 600 756 622 auno
789 588 850 619 fata
878 598 951 619 cum
978 587 1130 626 adversa,
1161 591 1229 615 tum
1258 595 1409 628 prospera
1437 584 1717 622 commemoravit;
1747 584 1823 616 dein

358 665 494 699 recitatis
518 662 558 693 ab
582 659 736 692 Actuario
758 656 886 700 judiciis
916 653 1114 686 Facultatum
1146 651 1185 683 de
1211 653 1346 695 acceptis
1373 650 1524 682 omnibus
1545 653 1823 683 commentationi-

361 734 440 773 bus,
467 737 499 763 et
515 739 626 761 eorum
655 724 864 764 nominibus,
888 721 1008 766 quibus
1035 722 1173 765 praemia
1198 722 1353 764 assignata
1374 726 1470 761 sunt,
1493 719 1725 762 promulgatis,
1750 731 1826 752 mox

361 803 430 846 ipse
454 797 588 841 singulis
618 794 757 838 praemia
779 791 906 836 publice
932 789 1105 822 distribuit.

408 868 512 901 Finita
530 865 672 897 oratione
696 861 864 894 Actuarius
886 859 1045 902 praeteriti
1075 858 1152 890 anni
1185 856 1336 901 praelegit
1369 857 1488 888 Literas
1520 856 1748 899 Augustissimi
1771 858 1832 888 Re-

367 937 416 981 gis
433 935 473 967 ad
495 938 644 967 Senatum
659 955 667 970 ,
692 936 786 973 atque
809 939 932 960 novum
951 931 1117 959 Rectorem
1133 925 1367 969 Magnificum,
1391 926 1573 957 Assessores
1591 931 1622 955 et
1644 925 1835 957 Actuarium,

371 1004 596 1039 renunciavit,
630 999 768 1042 legitque
798 996 926 1028 tandem
957 998 1161 1038 Programma
1191 993 1348 1037 propositi
1369 1004 1408 1024 ex
1432 992 1500 1035 lege
1519 991 1630 1023 denuo
1653 991 1837 1024 certaminis

372 1070 535 1109 Literarii,
559 1067 721 1112 sequentis
742 1064 932 1109 argumentiff

1038 1399 1182 1428 l!

1655 2005 1860 2028 PROGRAMMA
