1940 2474
409 167 1407 211 COMMENTATM)strenarum
1618 175 1662 217 es

148 262 303 290 eorumque
318 254 418 283 Oratio
443 255 538 285 fucata
559 256 649 292 magis
671 261 698 284 et
720 263 819 290 expers
844 255 1011 291 sanguinis‘,
1043 266 1128 292 quam
1144 259 1188 287 ·ad
1210 265 1334 288 veterum
1359 260 1519 296 exemplum
1541 262 1658 291 consor«

149 313 242 345 mata,
266 313 292 334 et
313 314 441 342 parentes
461 307 490 335 in
511 307 622 344 ignavia
638 315 669 334 ac
690 307 796 335 desidia
825 306 931 334 liberos
953 308 1080 337 alebant:
1105 316 1132 337 et
1151 310 1240 346 jejuni
1262 310 1403 345 Rlietores
1429 313 1533 349 ineptis
1556 322 1588 342 ac
1609 313 1654 343 fu-

144 357 245 387 tilibus
264 359 510 394 quaestiunculis,
532 360 630 394 potius
647 361 731 393 quam
746 357 821 386 veris
842 358 937 386 causis
951 359 1084 394 agendis,
1102 361 1267 389 exercebant
1283 363 1508 392 adolescentium
1524 365 1650 401 ingenia:

146 415 174 437 et
194 410 258 438 sola
281 410 584 446 linguaervolubilitas
602 409 782 438 ad'Oratoris
815 409 923 437 laudem
949 410 1075 443 sufficere
1095 411 1268 448 putabatur,
1296 415 1449 451 neglectis,
1482 424 1653 452 quaeanteo

143 469 211 488 cum
234 461 397 498 eloquentia
415 462 552 499 conjungi
573 461 720 496 solebant,
737 460 815 497 Juris
836 459 1041 496 intelligentia,
1063 462 1274 503 Grammatica,
1294 463 1476 502 Geometria,
1497 468 1657 504 ceterisque

140 510 308 541 fiberalibus
332 512 601 549 disciplini522ipsa
627 512 748 547 denique
766 510 823 539 fori
843 513 1023 554 consuetudo
1050 513 1089 542 ita
1112 521 1169 548 erat
1190 515 1356 552 immutata,
1386 525 1418 546 ut
1442 518 1579 548 insulsam
1604 529 1656 556 po-

142 565 203 593 tius
222 572 249 594 et
270 565 374 594 aridam
393 566 529 595 novitatis
547 565 773 600 affectationem,
797 573 880 600 quam
896 572 989 593 veram
1010 571 1036 592 et
1055 565 1201 600 antiquam
1216 566 1362 596 Orationis
1379 570 1564 606 elegantiam,
1589 580 1656 608 pro,-

144 616 243 645 barent
259 617 394 654 Judices=
418 626 489 652 quae
511 617 606 646 omnia
628 616 761 651 deinceps
793 615 821 643 in
848 616 943 644 eodem
973 615 1052 644 Dial.
1082 617 1168 646 latius
1194 625 1390 654 exponuntur.
1439 621 1554 659 Quodsi
1579 622 1656 650 deni-

140 676 198 703 que
220 668 265 696 his
283 675 327 697 tot
344 669 492 703 tantisque
510 668 606 697 causis
631 669 749 696 addatur
771 676 800 695 ea
822 668 942 695 humana
966 666 1167 702 imbecillitas,
1197 668 1225 697 id
1254 670 1428 704 optimarum
1461 681 1553 700 rerum
1576 672 1656 701 fasti-

141 718 237 753 dium,
260 728 318 754 quo
343 721 377 748 ad
401 729 476 749 nova
493 729 524 748 ac
548 719 699 753 deteriora,
722 718 828 759 relictis
849 718 1035 756 melioribus,
1063 719 1169 747 sensim
1191 718 1258 747 ferri
1282 722 1427 757 solemus,
1455 722 1527 750 nihil
1550 723 1578 751 in
1603 724 1654 751 hac

133 770 311 805 'quaestione
335 771 393 799 fere
419 772 609 807 indagandum
636 776 781 806 superest,
809 770 985 805 sedsponte
1009 776 1103 805 patet,
1134 771 1208 798 unde
1235 770 1308 806 ista,
1339 781 1411 807 quae
1437 773 1492 801 hoc
1518 774 1655 810 temporis

139 818 236 856 spatio
256 821 330 857 fuit,
352 821 543 857 Eloquentiae
562 821 746 857 depravatio,
773 827 800 849 et
823 827 886 849 nata
914 820 951 848 sit
974 827 1002 848 et
1020 820 1114 849 indies
1135 822 1300 851 accreverit.
1342 823 1402 852 Cff.
1434 833 1506 859 quae
1532 826 1613 861 hanc-
1626 825 1655 853 in

138 879 196 899 rem
215 871 411 908 disputarunt
429 872 477 901 Cl.
511 871 838 909 ll'yttenbaolzius·Bibl.
863 871 939 900 Crit.
963 871 996 900 P.
1012 871 1050 900 V.
1082 881 1112 908 p„
1134 881 1166 901 11
1191 881 1237 908 sq.
1262 879 1289 901 et
1316 874 1494 904 Meinersius
1518 876 1576 912 Op.
1601 876 1650 913 cit,

135 931 168 958 v·
192 932 246 960 Ω94
269 932 337 959 sqq·
886 927 894 933 ‘

174 973 316 1011 Quamvis
337 980 430 1003 autem
448 983 500 1011 per
513 974 680 1005 universum
693 975 784 1005 hocce
804 983 917 1014 tempus
941 985 1042 1015 magna
1064 977 1150 1007 fuerit
1167 980 1339 1010 disertorum
1365 981 1513 1011 hominum
1535 982 1651 1018 inopia,

137 1024 253 1053 fuerunt
277 1031 371 1055 tamen
391 1027 525 1055 nonnulli
549 1027 704 1063 praestanti
735 1027 872 1065 ingenio,
903 1029 954 1065 qui
971 1030 1155 1058 acommuni
1181 1031 1244 1059 labe
1263 1038 1303 1060 *se
1327 1031 1452 1061 intactos
1474 1041 1585 1062 servare
1606 1041 1653 1061 ve-

135 1081 287 1113 terumque
309 1080 437 1114 exempla
461 1079 545 1114 sequi
567 1086 748 1108 conarentur.
796 1079 822 1108 E
847 1080 954 1116 quibus
980 1080 1166 1117 potissimum
1197 1082 1303 1112 laudari
1334 1090 1484 1112 merentur·
1505 1083 1652 1112 Domitius

132 1127 215 1164 ‘Afer
235 1135 263 1157 et
289 1129 394 1165 Julius
417 1129 582 1166 Africanus
596 1151 606 1165 ,
636 1139 755 1165 eorum,
780 1139 855 1166 quos
884 1132 992 1160 viderat
1017 1132 1253 1170 Quinctilianus,
1282 1134 1368 1171 longe
1393 1134 1650 1174 praestantissimi}

134 1175 197 1207 tum
217 1179 409 1216 Trachallus,
432 1175 687 1219 Vibius‘Crispus,
709 1182 814 1218 Julius
835 1183 1000 1211 Secundus:
1025 1184 1060 1211 de
1081 1183 1189 1219 quibus
1213 1184 1349 1213 omnibus
1372 1186 1482 1222 legatur
1502 1184 1649 1224 Quinctil.

136 1229 181 1266 X,
207 1239 233 1259 1.
273 1230 319 1260 Ex
339 1231 385 1260 his
410 1232 526 1261 Vibium
548 1233 697 1272 Crispum,
730 1234 908 1271 conjunctim
931 1243 998 1262 cum
1020 1234 1075 1263 alio
1098 1243 1157 1264 non
1180 1235 1278 1271 inepto
1305 1236 1426 1265 Oratore
1446 1236 1540 1274 Eprio
1561 1236 1650 1264 lilar-

135 1281 225 1317 ccllo,
250 1283 377 1312 laudavit
394 1284 492 1320 Aper,
516 1284 626 1313 celeber
641 1284 746 1313 Orator
766 1293 800 1314 ex
817 1292 906 1313 aetate
925 1285 1114 1320 Vespasiani,
1144 1290 1228 1321 quem
1247 1286 1286 1315 ita
1305 1287 1340 1315 de
1362 1287 1397 1315 iis
1420 1287 1586 1322 loquentem
1609 1287 1653 1315 in-

133 1333 218 1361 duxit
235 1334 360 1362 Auctor.
385 1335 462 1363 Dial.
491 1335 527 1362 de
549 1335 636 1363 Caus.
665 1334 750 1363 Corr.
775 1335 862 1373 Eloq.
888 1338 919 1364 8:
948 1336 1032 1364 Nam
1058 1346 1112 1374 quo
1134 1337 1303 1372 sordidius„
1318 1337 1434 1373 inquit,
1463 1344 1490 1365 ct
1514 1337 1652 1373 abjectius

134 1386 199 1412 nati
218 1390 301 1419 sunt,
322 1394 431 1423 quoque
454 1385 610 1413 notabilior
628 1392 791 1423 paupertas
812 1393 839 1414 et
863 1388 1004 1423 angustia
1028 1396 1128 1415 rerum
1151 1395 1295 1416 nascentes
1318 1398 1360 1416 eos
1378 1390 1651 1422 circumsteterunt,

128 1444 165 1462 to
183 1435 317 1463 clariora
344 1443 371 1463 et
394 1435 436 1463 act
466 1436 719 1464 demonstrandum
752 1437 912 1465 Oratoricze
937 1437 1114 1475 eloquentiae
1139 1439 1298 1466 utilitatem
1322 1439 1490 1468 illustriora
1521 1438 1652 1476 exempla

133 1492 217 1520 sunt,
244 1485 321 1524 quod
343 1487 402 1513 sino
424 1486 666 1515 commendatione
689 1487 855 1522 natalium,
885 1488 945 1516 sine
974 1489 1136 1516 substantia
1160 1489 1365 1525 facultatum,
1392 1495 1494 1518 neuter
1524 1488 1651 1516 moribus

129 1537 282 1573 egregius,
305 1536 383 1564 aller
401 1537 502 1565 habitu
523 1547 631 1576 quoque
655 1540 782 1577 corporis
802 1544 976 1574 contemtus,
994 1547 1051 1577 per
1066 1540 1169 1568 multos
1181 1540 1250 1576 jam
1269 1550 1356 1568 armos
1377 1541 1569 1578 potentissimi
1584 1544 1652 1579 sunt

132 1587 281 1622 civitatis,
303 1596 337 1615 ac
357 1587 444 1616 donec
467 1588 552 1616 libuit
572 1591 721 1627 principes
734 1590 820 1626 fori:
849 1599 923 1618 nunc
944 1592 1092 1628 principes
1114 1593 1145 1618 in
1173 1591 1305 1619 Caesaris
1335 1592 1467 1619 amicitia
1498 1594 1589 1624 agunt
1603 1587 1651 1624 fe·

132 1644 261 1675 rumque
281 1645 402 1672 cuncta,
427 1644 513 1676 utque
533 1639 569 1667 ab
594 1641 651 1677 ipso
671 1642 806 1679 principe
833 1651 897 1670 cum
923 1642 1050 1680 quadam
1072 1639 1237 1672 reverentia
1267 1642 1444 1679 dlligunzm.
1492 1638 1560 1675 Quo
1583 1639 1651 1667 loco

134 1697 188 1724 pro
209 1689 333 1716 moribus
357 1690 504 1726 legendum
533 1698 596 1718 esse
625 1692 763 1727 motibus,
789 1692 875 1721 nobis
903 1693 1016 1728 quidem
1041 1693 1212 1729 persuadent
1239 1688 1370 1724 Proxime
1396 1689 1543 1724 sequentia
1574 1690 1652 1718 altor

132 1740 164 1767 b.
186 1748 213 1777 q,
233 1748 259 1766 c.
282 1743 465 1774 contemptus·
505 1740 604 1768 Motus
625 1749 718 1770 autem
741 1743 775 1771 de
804 1744 917 1770 actione
948 1740 1070 1767 oratoria
1098 1738 1174 1773 dici,
1204 1739 1340 1775 exemplis
1373 1740 1566 1768 demonstrare
1592 1749 1652 1770 non

133 1788 210 1826 opus
233 1796 286 1818 est.
328 1789 428 1817 Simile
448 1788 580 1816 mendum
601 1788 629 1816 in
649 1789 746 1817 eodem
764 1789 842 1818 Dial.
863 1798 888 1819 c.
912 1798 947 1826 3ο
966 1790 1124 1826 reperitur,
1154 1790 1204 1818 ubi
1235 1790 1386 1819 Ciceronis
1410 1797 1577 1827 praeceptor
1595 1800 1652 1820 me·

135 1847 263 1869 moratur
281 1839 428 1868 Diodorus
451 1839 588 1873 Stoicus,
614 1845 700 1874 atque
720 1841 796 1876 apud
815 1840 989 1870 vCiceronem
1012 1841 1155 1869 Diodotus
1177 1840 1301 1877 dicitur,
1323 1842 1367 1870 uti
1389 1843 1435 1870 vel
1460 1843 1564 1871 docent
1589 1844 1651 1871 loca

130 1892 168 1920 ab
198 1891 333 1920 Ernestio
357 1891 386 1919 in
411 1891 460 1919 Cl.
487 1890 619 1919 collecta.
671 1890 725 1920 Sed
752 1892 787 1920 ad
815 1891 987 1920 Marcellum
1019 1899 1047 1920 et
1074 1891 1212 1927 Crispum
1239 1892 1365 1927 redeam,
1393 1901 1488 1928 quos,
1515 1893 1648 1929 quamvis

135 1942 264 1978 egregios
287 1941 441 1977 Oratores,
463 1941 595 1970 adulandi
617 1946 710 1970 tamen
735 1941 798 1970 labe
815 1941 938 1972 infectos
962 1942 1070 1978 fuisse,
1097 1951 1111 1971 e
1134 1951 1162 1971 c.
1176 1951 1210 1979 13
1234 1950 1360 1979 apparet.
1401 1943 1532 1973 Marcelli
1553 1944 1651 1973 facun-

130 1991 182 2020 dia
206 1992 233 2020 in
256 1992 356 2028 primis
377 1992 469 2022 eluxit
497 1993 527 2022 in
547 1993 609 2029 ejus
631 1992 761 2022 dissidiis
784 2000 849 2022 cum
878 1993 1015 2024 Helvidio
1041 1993 1140 2023 Prisco
1170 1992 1371 2031 Philosopho,
1400 1995 1485 2032 cujus
1517 1994 1651 2024 disertam

928 2044 943 2071 1
1589 2045 1652 2080 qui·-
