1960 2500
358 170 399 201 32⁴
596 167 630 200 λ’.
699 166 736 202 L‘,
803 163 912 200 VIR
979 177 1085 200 nnn
1149 167 1327 201 BOON
1391 169 1633 210 MESCH,

358 249 468 278 chariae
492 249 614 277 carmine
641 249 770 284 reperiri,
801 257 873 285 quae
894 249 992 277 stilum
1023 250 1146 285 prodant
1169 250 1388 279 sententiosum.
1438 251 1504 279 Huc
1534 251 1710 280 referendum
1731 249 1863 287 videtur,

360 301 439 336 quod
464 299 632 335 Zacharias,
662 306 816 336 postquam
849 309 992 329 summum
1015 300 1131 330 Numen
1160 301 1294 330 laudibus
1317 302 1522 342 celebraverat,
1551 302 1690 338 gaudendi
1719 303 1862 331 materiam

358 359 417 379 uno
440 350 582 379 vocabulo
606 351 762 387 exprimat,
783 353 822 382 ὅτι
843 353 1035 390 ἐπεσκέψατο,
1058 361 1124 381 mox
1141 359 1234 381 autem
1256 353 1427 389 amplificet,
1445 354 1490 383 καὶ
1510 355 1614 388 ἐποΙησε
1635 355 1777 390 λύτρωσιν,
1799 354 1865 383 dein

353 407 472 437 augeat,
501 402 589 437 ἤγειρε
613 404 691 438 κέρας
715 406 862 439 σωτηρίας,
891 404 1013 438 denique
1041 404 1258 440 splendidiorem
1282 411 1442 440 proponat,
1469 404 1564 432 verbis
1594 404 1684 432 veluti
1715 405 1864 434 luxurians

351 453 481 489 fffdrnplxv
504 454 534 488 ἔξ
553 454 650 489 ἐχθρῶν
672 456 745 489 ἡμῶν
765 457 808 484 καὶ
834 457 864 484 ἐκ
888 457 977 491 χειρὸς
999 457 1108 485 πάντων
1129 459 1180 485 τῶν
1206 458 1352 490 μιτούντων
1377 458 1462 491 ἡμᾶς.
1510 455 1625 483 Etenim
1650 456 1784 491 pleraque
1807 456 1866 484 He-

351 502 427 530 braei
448 509 526 530 vates
548 503 671 531 breviter
692 513 723 532 ac
745 505 913 541 simpliciter
934 507 1101 541 enuntiant,
1123 507 1211 535 nullis
1237 503 1378 543 adjunctis
1404 507 1565 542 illustrata,
1592 513 1740 535 accersunt
1763 513 1865 543 postea

350 562 381 582 ac
406 554 566 590 subjiciunt
590 562 763 584 ornamenta.
816 557 904 585 Porro
928 557 1018 585 oratio
1040 565 1089 593 per
1111 557 1276 592 stropham,
1307 566 1379 593 quae
1403 558 1554 593 sequitur,
1583 566 1643 586 non
1668 564 1779 586 tantum
1805 567 1866 587 cre-

349 605 398 633 bra
421 611 447 632 et
467 614 563 640 pressa
587 606 730 641 redditur,
761 608 810 635 sed
835 608 920 635 simul
945 617 974 636 ea
1000 609 1134 644 strophae
1163 608 1342 637 concinnitas
1367 609 1495 644 aceedit,
1527 617 1598 644 quae
1621 609 1650 637 in
1679 617 1864 638 numerorum

350 656 528 692 plenitudine
549 662 634 692 atque
658 658 794 694 elegantia
815 659 958 694 cernitur,
989 664 1094 693 ποιῆσαι
1111 661 1183 693 ἕλεος
1206 662 1280 696 μετὰ
1305 664 1358 689 τῶν
1381 661 1501 696 πατέρων
1527 662 1621 697 ἡμῶν,
1649 661 1694 690 uxi
1716 662 1863 697 μνησθῆναι

347 708 470 741 διαθήκης
495 709 579 742 ἁγίαις
603 710 698 738 αὑτοῦ,
741 709 860 738 Confer.
885 719 956 745 quae
979 711 1111 739 Lourtlms
1130 717 1227 738 monet
1247 711 1382 739 Praelect.
1400 711 1452 739 IV.
1473 720 1540 748 pag.
1561 713 1607 740 81.
1630 720 1714 748 seqq.

385 759 566 788 Sententiose
589 768 706 795 quoque
726 761 914 797 compositam
942 762 1063 790 arbitror
1085 761 1305 798 descriptionem
1330 761 1456 790 muneris
1477 762 1597 799 Joannei
1621 763 1651 792 in
1675 771 1763 800 regno
1783 764 1863 793 Mes-

352 809 429 843 siae.,
451 811 614 847 προπορεύσῃ
634 813 688 848 γὰρ
710 815 759 847 πρὸ
784 814 920 849 προσώπου
943 816 1028 849 κυρίου
1044 816 1089 843 τοῦ
1113 816 1203 843 δοῦνκι
1225 817 1321 848 γνῶσιν
1344 815 1474 850 σωτηρίας
1495 816 1532 851 τῷ
1552 817 1610 851 λαῷ
1634 817 1718 845 αὐτοῦ
1741 817 1768 845 ἐν
1787 817 1859 853 ἀφέ-

346 872 386 890 σει
409 862 546 896 οὶμκρτίων
566 863 664 891 αὐτῶν.
706 863 769 890 Stili
791 863 863 891 enim
889 864 1057 893 sententiosi
1077 873 1106 892 ea
1128 865 1199 893 ratio
1222 871 1283 898 est,
1312 871 1362 899 ut,
1390 865 1497 900 quibus
1523 865 1552 893 in
1574 866 1647 894 locis
1672 866 1770 894 caeteri
1792 867 1863 895 Poe-

346 917 389 938 tae
412 919 479 939 sunt
502 912 634 947 copiosi,
658 912 734 948 susi,
757 915 875 949 uberes,
897 915 925 943 in
950 915 984 943 iis
1003 915 1123 944 Hebraei
1145 915 1204 944 sint
1224 915 1342 951 breves,
1364 916 1463 951 densi,
1486 916 1615 953 incitati,
1638 917 1719 947 conf.
1742 918 1856 948 Lomln·

347 961 480 990 Prae-lect.
503 962 566 991 XII.
589 963 622 991 de
640 964 882 1002 Comparatione,
904 975 969 1003 pag.
993 976 1059 1003 245.

1054 1046 1082 1081 §.
1125 1054 1152 1082 7.

830 1122 876 1150 De
897 1122 1020 1151 dictione
1040 1123 1211 1151 Zashas-iae
1226 1122 1373 1162 figurata.

384 1194 413 1223 Si
438 1196 552 1231 quidem
578 1197 732 1226 consilium
756 1204 782 1226 et
806 1197 871 1226 finis
895 1199 1031 1228 dictionis
1063 1200 1198 1236 figuratae
1226 1208 1299 1229 recte
1320 1202 1348 1230 in
1370 1210 1402 1230 eo
1426 1202 1567 1238 ponitur,
1597 1209 1630 1231 ut
1648 1203 1721 1231 hanc
1746 1203 1860 1231 illamve

346 1253 403 1273 rem
425 1255 483 1275 non
509 1249 594 1276 modo
619 1249 758 1283 illustret,
790 1250 875 1277 menti
900 1257 926 1278 et
947 1252 1028 1286 quasi
1051 1253 1143 1280 oculis
1168 1260 1331 1288 proponat,
1364 1262 1461 1281 verum
1488 1254 1569 1282 etiam
1596 1261 1734 1290 exornet,
1756 1253 1858 1282 elatius

340 1302 427 1331 atque
446 1298 616 1327 eminentius
641 1300 802 1336 exprimat,
834 1301 951 1330 omnino
983 1302 1011 1331 in
1041 1303 1214 1340 imaginibus
1236 1305 1428 1339 desideratur,
1459 1311 1490 1333 ut
1516 1305 1575 1334 sint
1601 1305 1702 1341 partim
1727 1312 1810 1333 notae
1833 1310 1861 1332 et

334 1345 525 1384 familiares,
555 1351 656 1386 partim
678 1358 812 1381 venustae
834 1362 869 1380 ac
890 1354 1064 1390 splendidae.
1116 1355 1191 1383 Haec
1214 1361 1324 1390 autem,
1357 1364 1428 1390 quae
1453 1356 1481 1384 in
1507 1365 1562 1384 usu
1587 1356 1723 1392 loquendi
1745 1355 1859 1393 tropico

341 1397 403 1432 J'ure
424 1399 625 1436 requiruntur,
648 1402 676 1430 in
699 1402 853 1431 Zachariae
875 1405 1017 1441 carmine,
1040 1406 1096 1434 nisi
1117 1406 1209 1435 onmia
1233 1415 1286 1435 nos
1311 1406 1425 1442 saliant,
1448 1417 1507 1436 non
1529 1409 1625 1436 deesse
1648 1414 1795 1443 putamus-

382 1448 490 1484 Genti‚
511 1450 540 1478 in
563 1459 652 1480 terrae
673 1454 784 1482 cultura
805 1457 989 1492 curandoque
1006 1465 1125 1493 pecore,
1147 1457 1181 1486 ab
1204 1457 1416 1493 antiquissimis
1442 1459 1507 1485 inde
1532 1457 1729 1490 temporibus,
1751 1455 1781 1482 in
1801 1455 1860 1490 pri-

341 1499 396 1527 mis
423 1508 595 1537 occupatae,
623 1503 696 1532 nihil
725 1505 813 1541 magis
834 1509 1032 1543 pervulgatum
1063 1509 1153 1543 deque
1174 1509 1265 1537 medio
1290 1515 1417 1536 sumtum
1440 1506 1594 1542 excogitari
1625 1511 1739 1541 potest,
1770 1513 1855 1540 quam

341 1551 437 1588 imago
463 1562 481 1579 a
505 1554 636 1583 cornibus
657 1557 830 1585 animalium
848 1560 955 1596 petila.
1010 1559 1099 1587 Porro
1127 1559 1315 1588 Orientalium
1346 1559 1463 1587 auribus
1489 1557 1559 1586 satis
1589 1563 1656 1585 nota
1685 1562 1712 1584 et
1740 1556 1856 1586 evidens

340 1608 398 1629 erat
423 1604 606 1640 metaphora,
638 1615 709 1641 quae
732 1617 750 1636 a
774 1617 840 1645 rege
863 1612 1046 1647 apparflorcs
1075 1613 1205 1638 mlttfflte
1232 1611 1274 1639 ad
1296 1613 1357 1640 vias
1387 1609 1555 1638 muniendas
1577 1607 1858 1647 complanamlasque

341 1659 398 1680 erat
426 1654 582 1689 depromta.
640 1656 719 1693 Quid
747 1659 869 1694 denique
897 1660 1033 1689 Hebraeis
1064 1663 1168 1691 clarius
1199 1671 1230 1690 ac
1263 1663 1352 1698 magis
1379 1661 1562 1697 perspicuum
1591 1659 1706 1695 concipi
1737 1665 1856 1696 potest,

341 1712 424 1738 quam
446 1706 541 1743 imago
564 1707 635 1734 lucis
656 1714 682 1735 ct
707 1710 913 1745 lellclw'lllwm,
936 1720 1053 1746 quarum
1081 1714 1225 1742 mentione
1249 1723 1294 1742 res
1310 1721 1468 1752 prospcraa
1500 1718 1527 1739 ct
1557 1710 1696 1740 adversae
1724 1717 1779 1739 tam
1800 1710 1856 1739 fre-

341 1762 459 1789 quenter
483 1756 510 1784 in
539 1765 635 1786 eorum
662 1760 781 1795 scriptis
811 1761 995 1791 indicantur?
1037 1764 1134 1800 Atque
1156 1765 1205 1793 has
1230 1773 1285 1793 tam
1313 1764 1480 1800 perspicuas
1503 1762 1696 1798 omnibusque
1725 1762 1856 1799 cognitas

340 1805 474 1842 imagines
500 1809 541 1836 sic
570 1809 685 1838 adhibet
709 1812 879 1848 Zacharias,
905 1816 937 1842 ad
962 1824 1159 1851 argumentum
1183 1816 1367 1852 propositum
1391 1815 1618 1851 explanandum,
1650 1821 1680 1842 ut
1705 1816 1734 1842 in
1758 1822 1852 1842 earum

335 1860 598 1888 accommodatione
634 1863 748 1890 eandem
779 1871 871 1892 servet
899 1865 1034 1894 rationem
1061 1876 1091 1894 ae
1124 1867 1216 1902 viam,
1249 1876 1320 1903 quac
1342 1867 1447 1903 priscis
1478 1866 1593 1894 vatibus
1623 1865 1713 1894 fuerat
1740 1865 1853 1894 usitata.

338 1905 425 1940 Qkffld
452 1910 485 1937 ad
512 1918 686 1940 vcsssssmfcm
717 1921 742 1941 et
767 1915 995 1951 pulcritudinem
1021 1917 1176 1953 imaginum
1202 1919 1322 1953 attinet,
1353 1926 1418 1946 mox
1447 1924 1580 1953 apparet,
1612 1923 1787 1953 quantopere
1806 1926 1857 1947 να-

335 1957 439 1982 rictam*
460 1955 593 1983 illssesl'w
614 1964 780 1999 71r11a1·ias;
805 1965 913 2001 quippe
934 1968 1052 2002 primam
1078 1977 1110 1996 ex
1132 1971 1195 1997 rim
1217 1971 1377 2005 (mummi,
1399 1970 1551 1998 secundam
1577 1977 1609 1998 ex
1633 1969 1776 2001 Μυονία,
1800 1975 1853 1994 τιτ-

333 2005 399 2034 tiam
423 2015 488 2035 vero
515 2006 730 2038 similitudinem
750 2016 763 2036 c
785 2016 863 2037 reem
892 2020 1096 2048 mammas-Ms-
1119 2020 1213 2050 petiit.

1819 2040 1850 2084 si
