1960 2500
342 186 377 223 δ’
803 178 836 226 J.
896 185 1022 214 vAN
1078 175 1418 214 VOORST

349 283 534 323 hementer
559 287 727 328 optamus
747 284 781 314 et
806 287 1008 326 speramus.
1061 276 1110 313 Et
1130 276 1184 314 sic
1200 277 1346 327 quidem
1367 285 1510 326 praeter
1530 289 1669 315 omnem
1686 286 1874 329 exspecta-

351 348 486 385 tionem
504 342 654 386 accidit,
683 348 724 376 ut
751 340 870 376 denuo
894 339 1116 376 Academiae
1143 341 1399 388 magistratum
1424 341 1571 390 gerendi
1597 343 1790 378 necessitas
1815 355 1877 379 re-

349 409 457 445 diret.
508 404 595 448 Quo
613 402 760 451 quidem
784 401 892 439 hodie
921 402 1166 451 perfunctu5‚
1201 410 1396 452 antequam
1433 404 1478 438 ad
1508 416 1653 449 eorum,
1682 416 1775 452 quae
1808 404 1876 440 hoc

345 482 445 508 ,anno
466 468 561 502 laeta
581 478 623 501 ac
638 464 760 500 tristia
780 472 995 510 evenerunt,
1023 465 1287 501 enarrationem
1316 465 1553 515 progrediar,
1581 464 1676 501 bona
1705 478 1787 501 cum
1808 477 1876 514 pa-

354 544 394 567 ce
412 529 566 573 Vestra,
593 527 642 563 A.
666 526 715 563 A.
751 525 801 562 H.
824 525 874 564 H.
913 539 958 562 ex
977 525 1152 563 historico
1171 527 1288 563 denuo
1306 541 1456 576 genere,
1485 540 1548 563 nec
1574 536 1714 573 tamen,
1743 535 1783 564 ut
1811 541 1877 564 an-

354 600 412 637 te,
440 588 614 625 historiae
637 588 844 638 Religionis
874 588 1068 637 antiquae,
1097 590 1158 625 sed
1188 601 1311 626 rerum
1335 590 1542 638 nuperrime
1561 598 1747 639 gestarum
1769 589 1879 626 habi-

355 661 394 690 to
421 658 611 700 respectu,
639 651 816 686 nonnulla
831 648 1040 699 praefabor.
1091 651 1223 688 Dicam
1243 664 1327 701 ergo
1356 652 1402 688 cle
1423 652 1620 688 commodis
1641 660 1750 702 atque
1781 664 1882 687 emo-

358 715 553 759 lumentis,
580 724 672 762 qaae
691 724 712 747 e
729 714 912 761 singulari
917 712 1147 762 .Prin=czp1wz
1162 714 1438 764 Europaeorum
1453 742 1465 759 ‚
1485 716 1525 750 in
1543 714 1738 761 Religioni?
1752 713 1882 750 Chris-

358 779 468 814 tiana
485 776 542 811 lzis
564 775 784 824 temporibus
797 774 1011 824 profitenda
1021 803 1032 820 ,
1055 788 1223 811 consensa
1242 789 1391 825 sperare
1414 786 1451 812 et
1469 778 1650 825 augurari
1667 777 1792 811 liceat.

372 853 374 857 ’
406 837 636 886 Religionem
663 837 777 885 Jesu,
814 837 923 886 cujus
957 837 1021 872 lux
1054 837 1178 874 divina
1204 846 1256 874 tot
1285 847 1407 887 gentes
1442 839 1524 874 inde
1552 837 1596 873 ab
1624 837 1884 885 Apostolorum

362 913 450 938 aevo
478 898 622 944 beavit,
653 899 699 935 ad
724 899 936 947 Europaeas
965 911 1112 947 quoque
1138 900 1334 949 plerasque
1360 914 1380 936 a
1404 901 1512 948 longo
1538 908 1697 948 tempore
1721 898 1886 948 regiones

360 961 540 1011 singulari
567 960 637 995 Dei
662 961 916 1007 procuratione
941 973 1196 1007 permanasse,
1224 974 1288 996 nec
1311 962 1430 997 solum
1455 961 1669 997 hominibus
1690 961 1734 996 de
1753 959 1884 1008 plebe,

363 1023 428 1058 sed
452 1021 543 1059 viris
577 1020 684 1056 etiam
712 1034 794 1057 cum
819 1021 975 1056 maxime
1000 1022 1110 1056 cultis
1135 1031 1169 1057 et
1191 1022 1398 1068 honoratis,
1428 1025 1463 1058 in
1484 1024 1575 1070 ipsis
1598 1024 1673 1070 jam
1699 1022 1891 1057 societatis

361 1082 596 1120 Christianae
630 1083 864 1118 incunabulis
882 1111 894 1129 ,
939 1082 1131 1131 probatam
1176 1096 1277 1128 esse,
1324 1085 1408 1132 quis
1441 1084 1613 1132 ignoret?
1673 1083 1732 1119 Ab
1770 1090 1887 1118 aetate

363 1144 617 1189 Constantini,
646 1146 726 1192 ipso
762 1144 830 1180 hoc
855 1144 1023 1192 Principe
1056 1146 1170 1181 facem
1200 1145 1447 1193 praeferente,
1475 1158 1546 1181 non
1583 1157 1667 1180 rara
1693 1145 1891 1193 magistra-

363 1213 469 1243 tuum
487 1214 520 1241 et
537 1206 741 1253 principum
759 1219 841 1241 cuin
859 1206 1004 1242 civibus
1024 1208 1183 1243 omnium
1210 1207 1380 1245 ordinum
1412 1207 1450 1243 in
1476 1206 1675 1255 profitenda
1699 1206 1893 1256 Religione

367 1268 665 1304 consentientium
685 1267 786 1302 fuere
803 1269 990 1317 exempla,
1018 1275 1052 1304 et
1071 1280 1134 1315 per
1149 1270 1265 1304 multa
1289 1270 1362 1316 jam
1389 1268 1533 1305 saecula
1557 1268 1725 1304 omnibus
1747 1267 1893 1303 Princi-

366 1328 478 1378 pibus
497 1329 700 1376 Europaeis
723 1331 922 1365 communis
944 1331 1030 1365 haec
1054 1330 1125 1365 fuit
1147 1330 1338 1378 professio.
1368 1332 1448 1367 Nos
1467 1342 1553 1368 vero
1571 1343 1642 1366 non
1670 1330 1776 1365 illum
1795 1341 1893 1364 nunc

368 1389 584 1437 Principum
604 1392 639 1424 in
657 1390 856 1438 profitenda
880 1392 1072 1440 Religione
1098 1404 1334 1438 consensum,
1365 1393 1427 1429 sed
1454 1392 1679 1442 singularem
1705 1392 1807 1427 illam
1836 1391 1895 1426 in-

367 1452 567 1499 telligimus
589 1453 790 1487 animorum
810 1454 846 1487 in
868 1466 943 1488 rem
966 1454 1137 1500 optimam
1161 1455 1481 1503 conspirationem,
1511 1467 1623 1503 quam
1648 1453 1797 1489 maximi
1825 1463 1893 1487 nu-

371 1524 435 1561 per
463 1513 674 1561 Principes,
704 1515 741 1549 in
768 1514 865 1550 hello
891 1515 1071 1550 adversus
1101 1527 1325 1552 communem
1352 1516 1492 1552 hostem
1520 1515 1680 1564 gerendo
1698 1515 1894 1563 eodemque

374 1574 419 1610 ad
445 1574 549 1610 finem
573 1576 771 1623 perducto,
801 1584 873 1611 tota
903 1576 1175 1624 obstupescente
1199 1577 1371 1626 Europa,
1401 1578 1603 1613 luculenter
1631 1577 1892 1625 patefecerunt.

376 1635 498 1683 Cujus
517 1637 659 1685 quidem
676 1639 822 1673 modum
849 1647 882 1673 et
914 1640 1121 1674 universam
1145 1638 1319 1675 rationem
1343 1648 1382 1675 ut
1410 1648 1503 1676 recte
1535 1638 1797 1686 dijudicemus,
1827 1650 1898 1673 nu-

377 1708 441 1745 per
463 1697 508 1733 ab
539 1700 812 1746 augustissimis
842 1700 918 1735 illis
948 1700 1202 1749 Principibus,
1231 1702 1366 1751 quibus
1394 1710 1428 1738 et
1454 1709 1614 1738 caeterae
1631 1709 1754 1750 gentes
1778 1700 1897 1735 Euro-

378 1771 489 1806 paeae
520 1759 725 1796 libertatem
753 1775 794 1796 ac
827 1763 983 1797 salutem
1014 1763 1165 1810 debent,
1203 1773 1236 1800 et
1265 1777 1330 1800 nos
1356 1776 1502 1813 quoque
1529 1763 1684 1799 libenter
1716 1767 1899 1809 acceptam‘

377 1821 591 1866 referimus,
621 1823 778 1858 arduum
805 1824 912 1859 valde
936 1834 1142 1874 susceptum
1167 1839 1259 1875 opus
1275 1855 1286 1872 ,
1314 1827 1550 1875 ejusdemque
1571 1826 1668 1862 haud
1691 1826 1811 1860 minus
1831 1823 1899 1858 ad·-

376 1882 579 1928 mirabilis,
608 1897 718 1932 quam
739 1886 812 1933 piis
833 1887 992 1922 omnium
1009 1887 1186 1925 bonorum
1217 1890 1312 1926 votis
1341 1897 1533 1938 exoptatus
1563 1889 1682 1925 exitus
1701 1895 1818 1924 mente
1837 1892 1898 1922 re-'

382 1944 452 1978 coli
477 1944 591 1980 debet.

432 2003 518 2039 Non
541 2007 641 2043 lubet
659 2004 765 2046 nobis
784 2009 827 2045 de
848 2022 887 2046 re
905 2024 1035 2060 magna
1051 2020 1084 2049 et
1101 2012 1259 2062 prodigii
1277 2013 1409 2061 plena,
1426 2025 1522 2063 quae
1542 2012 1661 2050 adhuc
1677 2012 1715 2046 in
1735 2008 1895 2045 omnium

1834 2081 1895 2104 ore
