1940 2474
420 164 942 199 'COMMENTATIO
1007 164 1420 202 LITERARIA.
1632 181 1677 218 ¹9

154 255 176 284 i.
199 262 223 283 e.
247 254 292 283 vel
315 254 365 291 qui
388 253 565 292 Tragoedias
583 255 629 283 vel
651 254 702 290 qui
724 253 887 282 Comoedias
908 253 1105 290 scripserunt,
1135 253 1178 282 uti
1202 261 1236 283 ex
1254 254 1330 284 infra
1349 255 1476 286 dicendis
1503 258 1670 296 apparebit,

158 313 185 334 et
205 313 279 334 recte
297 306 436 342 explicuit
456 306 587 337 Reuvens
612 306 684 335 Coll.
709 305 808 334 Liter.
834 306 871 334 C.
894 306 946 334 IV.
973 305 1004 334 S.
1025 305 1050 334 Ι.
1084 306 1099 341 §
1125 314 1153 333 2.

191 358 275 386 Unde
296 358 376 386 brevi
397 358 505 386 factum
525 364 586 393 est,
609 364 642 386 ut
664 365 729 386 cum
755 357 827 393 ipsis
853 357 970 386 Graecis
992 358 1026 386 de
1051 358 1146 393 palma
1169 364 1275 387 certare
1297 359 1481 397 potuissent,
1517 362 1574 391 nisi
1600 363 1667 392 Poe-

156 414 250 439 tarum
272 409 391 446 inertia,
414 419 472 446 quo
492 409 586 438 minus
607 417 637 437 ea
655 408 818 445 potirentur
839 409 1048 446 impedivisset.
1088 409 1178 438 Addit
1198 410 1274 439 enim
1294 410 1369 439 Hor.
1391 420 1436 441 vs.
1464 414 1536 450 289:

452 461 516 490 Nec
535 463 646 491 virtute
656 461 739 497 soret
759 461 886 491 clarisve
900 463 1045 499 potentius
1067 462 1158 490 armis

445 512 547 550 ‘Quam
567 512 670 550 lingua
691 512 833 548 Latium,
856 514 880 541 si
901 523 955 541 non
979 512 1132 549 offenderet
1156 523 1256 542 unum—

452 564 615 602 -Quemquo
630 565 786 603 poe'tarunz
807 565 894 593 limae
916 565 1000 593 labor
1020 571 1046 592 et
1069 574 1161 594 mora.

164 642 165 645 ,
187 616 227 646 Et
251 616 323 645 hanc
346 623 465 645 suorum
489 616 519 644 in
543 616 678 652 operibus
702 616 834 650 limandis
852 607 1057 654 negligentiam
1082 625 1122 645 aer
1140 617 1275 646 desidiam
1303 619 1416 655 saepius
1436 620 1568 656 notavit,
1590 623 1669 651 velu-

151 668 174 697 ti
187 668 244 707 Ep.
263 668 346 697 laud.
373 677 419 698 vs.
440 669 513 704 167,
535 668 585 697 ubi
601 668 750 698 Romanos
770 669 873 699 Poetas
895 669 934 696 ait
951 669 1067 705 turpius
1084 675 1194 706 putare
1214 671 1246 697 in
1261 672 1376 708 scriptis
1398 677 1426 698 et
1452 678 1577 700 metuere
1600 673 1669 701 litu-

149 729 236 755 ram,
259 720 288 749 in
312 720 412 756 primis
433 727 526 750 autem
549 720 580 749 in
600 720 672 750 Arte
689 720 812 751 Poetica.
857 720 1011 748 Oriebatur
1033 719 1083 750 illa
1108 720 1210 756 partim
1239 729 1273 750 ex
1301 721 1390 751 nimio
1418 722 1580 751 divitiarum
1606 729 1668 752 stu·

147 771 214 805 dio,
243 781 305 807 quo
325 772 383 809 jam
411 781 426 800 a
447 780 537 807 puero
557 772 761 802 imbuebantur
778 771 976 800 Rornanorum
995 760 1101 806 animi,
1122 772 1322 802 Arithmeticis
1348 773 1508 803 rationibus
1534 774 1673 804 ineundis

148 821 307 860 defatIgati.
355 822 403 852 Sic
428 822 502 850 enim
528 823 602 851 idem
629 822 704 851 Hor.
728 823 766 851 A.
785 823 818 851 P.
845 831 919 859 325,
942 831 1010 858 sqq.

446 874 574 902 Romani
586 877 676 913 pueri
695 875 785 912 longis
807 874 968 902 rationibus
991 883 1081 902 assem

444 925 573 958 Discunt
593 927 625 954 in
642 933 746 964 partes
767 932 877 955 centum
898 925 1047 954 diducere.
1087 925 1182 954 Dicat

341 979 356 998 δ
442 977 539 1005 Filius
561 977 683 1014 Albini,
705 979 730 1006 si
750 977 784 1006 do
805 979 964 1016 quincunce
986 983 1096 1006 remota
1117 983 1158 1006 cst

443 1028 559 1064 Urmia,
581 1029 655 1067 quid
671 1031 816 1068 superat?
836 1028 959 1058 Poteras
983 1028 1107 1058 dixisse:
1130 1029 1154 1057 T
1152 1030 1240 1058 riens.
1282 1028 1332 1065 Eu

440 1079 514 1108 Rem
532 1083 644 1118 poteris
664 1091 783 1112 servare
803 1087 896 1110 tuam.
924 1081 1001 1110 redit
1026 1082 1113 1110 uncia
1136 1080 1209 1119 quid
1221 1079 1284 1116 fit?

440 1131 542 1161 Semis-
583 1131 633 1161 An
651 1133 721 1161 haec
744 1135 852 1162 animos
875 1141 984 1170 aerugo
1010 1139 1038 1161 et
1057 1142 1132 1162 cura
1146 1132 1249 1171 peculi

441 1183 512 1212 Cum
533 1184 619 1212 semel
637 1184 794 1220 imbuerit,
817 1192 965 1223 speramus
985 1186 1121 1213 carmina
1136 1183 1213 1223 fingi

441 1235 524 1264 Posse
544 1234 664 1264 linenda
682 1235 768 1264 cedro
790 1241 818 1264 et
838 1236 896 1267 levi
916 1235 1061 1266 servanda
1077 1242 1226 1273 cupressu.

152 1305 158 1309 -
178 1285 285 1315 Partim
309 1285 393 1315 etiam
417 1287 574 1317 exsistebat
597 1287 654 1315 ista
678 1287 797 1322 inertia,
823 1295 859 1315 ex
874 1286 985 1315 insania
1013 1287 1156 1322 quadam,
1186 1293 1259 1322 quae
1281 1286 1436 1316 Poetarum
1460 1285 1572 1318 animos
1591 1294 1675 1325 tene-y

142 1335 208 1372 bat,
229 1343 295 1365 cum
317 1337 401 1372 quasi
424 1336 522 1365 furore
540 1338 669 1372 quodam
689 1339 726 1367 ad
748 1337 874 1367 carmina
895 1337 1024 1367 facienda
1045 1337 1252 1374 abriperentur.
1294 1338 1347 1367 Uti
1370 1338 1445 1367 enim
1462 1339 1547 1368 refert
1570 1340 1673 1379 Hor-,a-¹

142 1388 200 1417 tius
221 1387 333 1426 in-Ep.
358 1388 379 1418 1.
405 1396 458 1424 103
476 1404 508 1411 —
526 1397 599 1424 113,
626 1397 693 1417 cum
721 1395 802 1417 antea
831 1397 915 1418 curae
940 1389 979 1417 rei
1009 1389 1183 1418 domesticae
1210 1389 1314 1418 intenti
1338 1389 1463 1419 fuissent
1479 1411 1489 1426 ,
1518 1391 1665 1421 clientium

143 1446 257 1467 causam
275 1438 361 1467 tutati
384 1445 494 1474 essent,
524 1445 594 1470 caet.
617 1439 716 1469 subito
738 1448 858 1475 omnes,
887 1439 995 1468 relictis
1016 1440 1149 1476 pristinis
1168 1441 1311 1477 negotiis,
1341 1443 1375 1471 ad
1392 1450 1493 1472 versus
1517 1440 1671 1479 faciendos,

142 1497 205 1518 sese
226 1491 430 1519 contulerunt:
889 1498 891 1500 ·

438 1541 573 1571 Illutavit
594 1548 714 1570 mentem
729 1542 852 1580 popalus
874 1541 942 1571 lovis
966 1548 993 1569 ot
1013 1542 1089 1571 calet
1112 1551 1166 1571 mm

444 1593 597 1622 Scribendi
618 1593 733 1622 studio:
749 1595 839 1631 pueri
857 1599 1017 1632 patresque
1038 1595 1130 1623 severa·

444 1644 559 1673 Fronde
579 1654 672 1673 comas
695 1646 787 1674 vincti
809 1651 929 1673 coenant
954 1651 981 1673 et
1001 1646 1138 1674 carmina
1158 1645 1284 1675 dictant.

180 1695 273 1733 Igitur
292 1703 382 1724 coeco
402 1696 526 1730 quodam
551 1696 662 1732 impetu
693 1697 728 1725 ad
754 1697 905 1726 Poetarum
927 1697 1039 1726 laudem
1064 1698 1232 1733 captandam
1255 1696 1393 1734 impulsi,
1422 1703 1516 1733 neque
1542 1697 1611 1726 satis
1634 1699 1667 1729 in,

142 1746 279 1784 operibus
311 1746 487 1783 expoliendis
509 1756 610 1783 operae
635 1748 832 1786 temporisque
863 1755 1106 1787 consumserunt,
1137 1757 1230 1785 neque
1258 1757 1304 1777 eas
1336 1755 1408 1778 artes
1437 1748 1665 1786 disciplinasque

142 1798 290 1836 percipere
307 1799 501 1835 studuerunt,
523 1807 645 1835 quarum
662 1800 781 1829 scientia
798 1800 912 1829 Poetam
927 1800 1104 1830 instructum
1129 1809 1191 1830 esse
1216 1806 1341 1837 oportet.
1383 1800 1455 1835 Sed,
1477 1808 1543 1829 cum
1567 1801 1602 1830 ad
1620 1809 1663 1837 re«¹

140 1850 221 1887 quua
248 1850 371 1880 artificia
398 1857 484 1886 atque
504 1851 620 1887 negotia
646 1852 800 1880 exercenda
821 1860 852 1881 ac
876 1853 1036 1890 peragenda
1064 1861 1149 1883 nemo
1179 1853 1293 1881 auderet
1324 1852 1474 1887 accedere,
1505 1851 1564 1880 nisi
1591 1851 1660 1889 artis

141 1909 210 1931 suae
232 1901 303 1933 bene
322 1901 450 1938 peritus,
472 1902 603 1932 homines
630 1903 724 1934 omnis
742 1903 867 1939 liberalis
889 1904 1035 1937 doctrinae
1059 1911 1086 1934 et
1106 1905 1294 1942 ingenuarum
1318 1903 1422 1933 artium
1447 1903 1551 1942 rudes,
1580 1903 1660 1932 nulla

143 1953 214 1986 artis
236 1953 363 1990 poeticae
386 1953 572 1992 intelligentia
593 1955 716 1990 imbuti,
738 1955 810 1984 illud
833 1964 921 1985 unum
949 1956 1038 1986 stulte
1064 1957 1203 1993 agebant,
1228 1961 1262 1983 ut
1277 1954 1408 1997 carmina
1430 1960 1603 1996 pangerent,
1633 1960 1661 1983 et

142 2004 256 2036 poetam
285 2012 410 2042 agerent.
457 2006 578 2044 Saepius
610 2008 665 2036 hoc
695 2007 813 2036 nomine
837 2007 939 2037 Poetas
968 2007 1147 2047 reprehendit
1171 2006 1332 2042 Horatius,
1359 2005 1514 2035 acerrimus
1541 2013 1660 2036 suorum

141 2065 256 2089 censor.
297 2056 345 2085 Sic
368 2056 397 2086 in
422 2056 479 2096 Ep.
503 2058 524 2087 1.
551 2067 604 2095 114
622 2067 691 2096 sqq.
716 2059 754 2088 ita
775 2059 883 2097 pergit:

921 2109 945 2139 C
971 2119 988 2139 2
1596 2108 1661 2138 Na-
