1940 2474
407 162 922 202 COMMENTATIO
989 161 1309 194 CHEMICA.
1573 159 1617 206 ’47

109 253 187 283 siom
208 257 236 280 ot
257 250 404 286 tenuiora3
427 251 510 279 alluit
530 249 626 278 ubivis
645 257 736 284 aqua,
753 257 805 277 nec
822 257 881 277 non
903 248 966 285 ipsa
981 248 1190 284 Atmosphaera
1211 258 1285 284 aqua
1303 246 1489 285 potissimum
1511 256 1617 285 gazosa

109 305 251 342 repletur,
274 302 427 338 stratisque
450 302 533 330 afireis
555 300 749 337 componitur.

106 366 109 372 ⁴
142 355 205 393 Jam
225 363 292 383 vero
309 353 373 382 inde
387 354 421 381 ab
439 362 472 382 eo
484 359 630 389 tempore,
654 360 713 387 quo
728 351 872 387 galvanica
899 352 1034 380 columna
1053 350 1111 379 fuit
1125 351 1232 379 detecta
1243 372 1252 386 ‚
1274 351 1424 387 nostrique
1440 351 1500 380 aevi
1514 351 1616 387 Physi-

108 407 136 435 εἰ
157 407 251 443 (inter
273 414 348 441 quos
371 404 534 433 nominasse
554 403 674 433 sufficiat
704 403 852 431 immature
882 403 1029 439 abreptum
1056 403 1224 438 disciplinae
1250 402 1388 438 physicae
1412 403 1613 432 acutissimum

107 457 278 492 Ritterum,
302 463 330 484 et
355 456 487 484 florentes
504 455 655 483 etiamnum
676 454 804 482 Illustres
826 454 1009 488 Bcrzclium,
1032 454 1072 482 H.
1095 454 1246 490 Daryzzm,
1269 454 1476 490 Gay-Lame,
1499 461 1525 482 et
1546 455 1615 482 The-

106 508 208 546 nard)
237 506 396 536 incredibili
426 507 578 543 sagacitate
599 505 628 534 in
650 505 828 534 Galvanismi
862 505 1054 541 phaenomena
1086 505 1227 541 inquirere
1256 512 1432 541 coeperunt,
1460 505 1614 540 constitit,

108 566 233 588 stratosa
259 557 377 594 quaevis
402 566 523 593 corpora
546 556 698 593 praecipue
722 557 841 586 humore
862 557 985 592 quodam
1008 556 1138 592 perfusa,
1169 556 1263 592 qualia
1281 556 1364 585 oll'ert
1390 563 1487 585 nostra
1508 557 1615 592 tellus,

105 611 268 642 columnam
292 609 396 637 Voltae
416 615 465 637 aut
486 609 660 645 galvanicam
681 608 797 636 efficere.
844 607 920 636 Hinc
942 616 1078 643 assumo,
1102 608 1262 636 universam
1288 608 1438 642 tellurem,
1466 616 1522 636 una
1546 615 1613 637 cum

103 661 314 696 Atmosphaera
335 669 396 688 esse
420 659 548 688 immensi
568 659 725 688 voluminis
747 667 835 688 unum
855 666 1021 695 apparatum
1041 659 1239 695 galvanicumz
1270 667 1355 694 quam
1379 659 1493 694 quidem
1519 659 1614 695 hypo-

102 712 201 742 thesin
221 712 320 747 aliquo
341 711 428 740 modo
450 711 618 740 confirmare
634 711 747 739 videtur
769 711 831 746 ipsa
855 719 1009 746 corporum
1036 710 1167 745 indoles,
1196 710 1305 746 quibus
1334 710 1438 738 Tellus
1460 709 1617 738 eonstitui-

102 770 164 792 tur.
212 763 318 791 Nonne
340 762 466 799 Geologi
489 769 516 790 et
536 762 665 791 Chemici
686 762 864 797 docueruut,
887 768 1000 790 montes
1020 768 1048 790 et
1069 761 1232 798 primitivos
1258 767 1285 790 et
1306 761 1490 790 secundarios
1510 761 1618 790 Vulca-

105 814 208 849 nicos,
237 819 264 841 et
285 821 319 842 ex
345 813 490 841 alluvione
505 820 608 848 natos,
635 812 771 849 componi
793 812 893 848 terris,
925 813 1039 848 silicea,
1067 813 1210 848 alumine,
1236 814 1312 841 calce
1333 813 1449 848 baryta,
1475 812 1613 841 alcalibus

103 865 193 899 soda,
215 870 351 900 potassa,
377 863 517 899 metallis,
546 864 643 893 stratis
663 863 844 892 tenuioribus
869 870 897 892 et
920 863 1102 892 densioribus
1127 864 1328 892 lithantracum
1356 863 1565 899 amplissimis?
1588 870 1616 892 et

103 923 200 945 nonne
213 915 350 943 Κίκονας
368 921 396 943 et
417 914 554 951 Davyus,
575 921 602 943 et
616 914 666 950 qui
680 915 733 943 hos
749 914 840 943 secuti
861 921 946 950 sunt,
964 916 1212 950 demonstrarunt,
1234 915 1263 943 in
1278 915 1344 944 haec
1363 915 1456 944 omnia
1471 914 1612 951 insignem

102 973 245 1003 praestare
264 966 431 1000 efficaciam,
452 972 479 994 et
496 972 600 994 cuncta
615 966 840 1002 decomponere,
858 966 978 994 fluidum
994 966 1196 1003 galvanicum?
1232 966 1294 1003 Jam
1309 974 1377 995 vero
1393 972 1508 994 constat
1523 965 1614 994 aliun-

102 1016 158 1051 de,
187 1016 218 1044 in
249 1016 328 1045 omni
353 1023 490 1053 apparatu
511 1016 665 1053 galvanico
680 1017 754 1045 duos
780 1018 866 1052 polos
890 1026 969 1052 esse,
992 1026 1116 1053 quorum
1137 1019 1207 1046 alter
1226 1017 1332 1045 dicitur
1354 1016 1518 1053 positivus,
1546 1017 1615 1044 alter

101 1067 265 1103 negativus.
314 1068 440 1097 Constat
465 1067 549 1097 etiam
570 1068 694 1103 priorem
717 1069 752 1096 de
772 1077 846 1103 aqua
869 1077 998 1104 separare
1019 1069 1214 1106 oxygenium,
1242 1068 1451 1105 hydrogenium
1472 1066 1616 1103 posterio-

99 1126 159 1147 rem
180 1119 276 1157 (11).
299 1135 338 1141 -—
357 1119 435 1148 Haec
454 1119 479 1148 si
499 1119 534 1147 ad
548 1119 678 1148 tellurem
699 1119 896 1155 applicemus,
921 1119 1071 1155 sequitur,
1093 1121 1165 1149 hanc
1180 1120 1271 1156 ipsius
1289 1118 1530 1155 compositionem
1554 1118 1613 1155 gal-

98 1170 229 1199 vanicam
263 1176 402 1206 perpetuo
437 1170 537 1199 debere
564 1171 705 1199 resolvere
738 1179 857 1207 aquam,
888 1171 926 1199 ita
953 1171 1066 1206 quidem
1096 1178 1128 1199 ut
1153 1172 1187 1200 ab
1213 1172 1298 1200 altera
1322 1176 1402 1206 parte
1426 1169 1455 1198 in
1480 1169 1609 1206 apricum

99 1228 228 1258 ponatur
256 1229 308 1257 gaz
339 1221 534 1258 oxygen1um,
562 1221 598 1250 ab
621 1222 707 1250 altera
733 1230 785 1258 gaz
810 1222 1031 1259 hydrogenium.
1077 1221 1182 1258 Neque
1214 1228 1326 1250 tantum
1354 1221 1402 1249 hic
1424 1227 1451 1249 et
1475 1220 1534 1249 illie
1556 1227 1613 1257 ope

98 1271 183 1301 fluidi
204 1271 344 1308 galvanici
368 1272 509 1301 terrestris
533 1272 565 1301 in
593 1279 689 1301 actum
710 1272 847 1301 concitati
868 1281 942 1308 aqua
963 1279 1060 1309 potest
1085 1272 1279 1309 decomponi,
1308 1280 1375 1300 cum
1397 1271 1509 1300 nullum
1533 1263 1611 1308 prae·

96 1327 184 1351 tereat
203 1322 342 1358 temporis
361 1329 556 1358 momentum,
582 1332 643 1359 quo
668 1332 727 1352 non
754 1323 793 1352 ita
815 1323 971 1352 afficiantur
995 1332 1117 1360 corpora
1141 1323 1302 1360 terrestria,
1331 1329 1364 1352 ut
1382 1331 1441 1352 non
1463 1329 1611 1352 mutentur

95 1373 178 1402 fluidi
200 1372 340 1410 galvanici
363 1373 511 1402 affinitates
541 1380 569 1402 et
592 1374 622 1403 in
648 1374 774 1410 apricum
801 1381 963 1411 ponamin-3
992 1383 1092 1403 verum
1115 1375 1143 1403 id
1165 1381 1263 1411 potest
1288 1374 1347 1403 fieri
1371 1375 1458 1403 simul
1477 1383 1529 1410 per
1550 1382 1611 1402 om-

95 1433 159 1454 nem
184 1425 326 1453 tellurem.
350 1440 383 1447 —
405 1424 485 1461 Quid
506 1425 627 1460 impedit
648 1425 806 1460 quominus
830 1434 1031 1460 assumamus,
1054 1426 1148 1454 Solem
1168 1431 1195 1453 et
1219 1425 1332 1454 Lunam
1350 1425 1379 1454 in
1398 1432 1525 1454 nostram
1546 1425 1608 1454 Pla·

95 1481 190 1505 netam
215 1476 323 1510 aliquid
348 1475 472 1510 efficere,
501 1481 528 1503 et
555 1475 677 1503 fluidum
703 1476 882 1512 galvanicum
909 1482 1040 1505 terrestre
1063 1476 1093 1504 in
1120 1483 1214 1505 actum
1238 1477 1356 1511 ducere,
1386 1475 1554 1512 praeprimis
1577 1475 1608 1504 in

99 1525 172 1555 neris
188 1526 348 1562 Atmosph.
370 1526 469 1555 stratis
486 1526 684 1562 superioribus
695 1548 705 1562 ‚
725 1533 753 1555 et
770 1535 819 1563 per
834 1527 902 1556 haec
919 1527 948 1556 in
965 1527 1166 1563 inferioribus,
1186 1535 1244 1555 non
1260 1527 1340 1556 aliter
1355 1534 1442 1563 atque
1460 1527 1609 1556 attrahunt

95 1576 182 1606 Luna
205 1584 234 1606 et
253 1578 304 1606 Sol
325 1586 413 1613 aquas
439 1584 598 1612 terrestres,
621 1584 647 1606 et
669 1584 777 1606 aestum
796 1578 881 1607 maris
906 1579 1048 1615 gignunt,
1070 1587 1129 1607 non
1153 1578 1234 1607 aliter
1258 1585 1346 1614 atque
1367 1578 1607 1615 Atmosphaeram

99 1635 231 1663 movent,
253 1634 355 1658 ventos
369 1629 554 1665 producunt,
576 1629 719 1658 incitant?
746 1629 852 1658 Nonne
863 1629 1037 1659 verosimilis
1053 1630 1169 1659 videtur
1181 1629 1346 1666 conjectura
1362 1629 1488 1658 Telluris
1504 1630 1608 1659 Atmo-

97 1679 244 1715 sphaeram
263 1687 322 1707 cam
343 1680 421 1708 Solis
435 1686 462 1709 et
479 1680 580 1709 Lunae
600 1687 732 1718 tangere,
754 1688 839 1717 atque
854 1681 892 1709 ita
912 1681 986 1711 inter
1004 1683 1055 1711 has
1076 1681 1134 1710 dari
1151 1681 1270 1717 aliquod
1293 1682 1511 1717 commercium
1536 1680 1607 1717 quid

97 1729 191 1761 suido
212 1731 411 1767 detrahemus,
440 1732 524 1769 qu'us
548 1732 623 1761 vires
644 1741 736 1768 nuper
756 1739 823 1761 sunt
847 1732 996 1770 inventae,
1025 1739 1054 1762 et
1079 1734 1163 1770 cujus
1185 1732 1406 1770 praestantiores
1427 1733 1515 1761 latent
1537 1741 1605 1769 pro-

1559 1783 1610 1814 cul

124 1867 187 1894 (ιι)
203 1869 288 1890 Carum
299 1874 322 1892 et
335 1869 444 1891 meh-lun
454 1869 545 1893 suerunt
558 1869 622 1898 primi
631 1885 638 1897 ‚
660 1870 698 1898 qui
717 1876 820 1899 apparatu
834 1871 948 1898 garvanieo
967 1878 1044 1901 nquam
1059 1871 1082 1894 in
1099 1877 1138 1899 gaz
1152 1870 1313 1899 hydrogenium
1331 1875 1354 1893 et
1368 1876 1408 1897 gaz
1419 1870 1553 1898 oxygeniurn
1566 1870 1606 1892 de·

97 1914 276 1937 composuerunt.
306 1911 355 1933 Ros
366 1910 431 1933 mum
440 1911 478 1934 alii
491 1912 562 1934 secuti
575 1918 624 1934 sunt
637 1912 724 1939 Physici
764 1914 814 1934 vid.
839 1915 983 1941 neptunium
997 1915 1038 1942 fur
1051 1915 1082 1935 iia
1103 1914 1224 1936 Phar-acta
1242 1913 1366 1941 angefangm
1378 1919 1416 1935 νυ·
1428 1913 1456 1934 A.
1474 1913 1499 1933 1:
1515 1913 1604 1938 Gemm,

92 1949 205 1978 ffl'lssm
217 1958 256 1973 *θ’
267 1952 293 1979 5·
305 1953 335 1975 4·
350 1953 459 1982 fluam.
474 1954 540 1978 Tom-
551 1955 570 1978 1.
585 1959 640 1982 part.
652 1958 678 1981 2«
702 1955 868 1982 Haupt-mnu
885 1955 922 1979 du
936 1956 1049 1979 Gmln'cMo
1062 1955 1095 1978 ln
1106 1955 1233 1979 clue-frehun
1247 1955 1314 1977 Tium
1332 1954 1368 1976 ἡν
1380 1953 1604 1982 Naum-muscus),

98 1996 149 2020 με
166 1997 216 2021 ³⁴¹·
230 1992 313 2020 (ηιξ.
1602 2003 1604 2006 ,
