1940 2474
221 172 262 202 2‘0
501 169 539 199 G.
626 158 1446 203 J.c.vl'1‹‘MAssow

224 257 326 286 similis
343 261 431 290 esset,
454 255 501 283 sed
509 255 578 291 scra
595 254 689 283 omnia
703 255 795 282 eadem
809 253 906 282 locum
923 253 1075 291 haberent,
1097 265 1169 292 quae
1190 256 1218 285 in
1233 244 1271 285 1·οἰ
1285 257 1485 286 vindicatione
1505 255 1563 294 (23
1573 258 1600 296 ).
1634 259 1716 289 Hauc

215 307 442 339 emendationem
468 306 595 334 inutilem
617 314 697 341 esse,
720 306 815 334 statim
841 306 1001 341 intelliges,
1031 306 1055 334 si
1077 315 1109 335 eo
1134 314 1226 336 vertas
1250 316 1363 337 sensum
1384 309 1553 344 verborum,
1575 316 1607 338 ut
1631 311 1721 347 signi>-

219 353 324 393 ficem,
346 357 439 386 omnia
464 359 556 386 eadem
581 366 661 391 esse,
692 357 770 392 quod
792 357 826 384 ad
844 356 956 385 fructus
981 364 1008 385 et
1032 357 1174 394 impensas
1201 359 1311 387 attinet.
1360 359 1426 388 Scio
1451 360 1582 395 equidem
1601 368 1663 389 non
1680 361 1716 389 ab

220 409 355 438 omnibus
375 409 413 436 ita
435 409 500 437 haec
526 408 611 437 verba
631 408 772 444 intelligi,
794 416 859 435 cum
878 408 954 443 sint,
977 409 1027 444 qui
1049 416 1167 444 putent,
1185 410 1291 446 JCtum
1308 410 1355 438 1110
1377 411 1515 446 respicere
1536 412 1571 440 ad
1593 411 1716 440 officium

217 460 342 497 J‘udicis,
365 460 443 496 quod
460 459 531 487 idem
551 459 604 487 erit
623 468 654 487 ac
670 459 697 487 in
715 458 752 486 rei
770 458 989 494 vindicatione,
1012 468 1075 488 cum
1095 466 1229 496 utraeque
1246 461 1303 489 sint
1320 461 1446 489 actiones
1460 462 1619 491 arbitrariae
1635 463 1720 499 (24).

221 510 276 539 Sed
298 511 368 539 mihi
388 510 571 539 verisimilius
595 510 724 544 videtur,
743 510 848 547 JCtum
869 509 916 538 hic
940 510 1022 546 loqui
1037 511 1070 539 de
1085 511 1238 540 Fructibus
1256 518 1283 539 et
1303 512 1442 548 Impensis
1465 513 1525 549 (25
1534 512 1561 549 ).
1598 513 1658 550 Jam
1675 512 1721 541 vi-

223 563 338 590 deamus
362 563 390 590 in
408 568 563 598 quantum,
586 562 664 597 quod
678 562 711 589 ad
727 561 869 596 Fructus,
891 561 1056 590 Publiciana
1077 561 1181 591 similis
1201 563 1238 590 sit
1255 564 1291 591 rei
1306 563 1512 592 Vindicationi.
1534 581 1566 586 —
1587 563 1645 600 Qui
1664 571 1722 592 rem

218 621 297 641 suam
323 614 448 642 vindieat
467 622 482 641 a
501 613 531 641 b.
555 612 577 641 f.
601 622 630 649 p.
653 612 766 640 fructus
787 619 939 648 perceptos
963 613 1114 641 natm-ales
1131 620 1158 642 et
1173 614 1348 642 industrtzles
1366 621 1487 650 repetere
1503 614 1615 650 nequ-it.
1645 615 1725 642 Tan-

215 670 276 692 tum
298 664 425 693 vindieat
446 671 585 693 extantes.
634 664 679 692 M.
702 663 725 691 f.
749 673 778 699 p.
801 671 868 692 vero
893 672 990 692 omnes
1015 664 1132 692 omnino
1155 665 1298 700 restituit,
1327 673 1353 693 et
1375 672 1526 701 perceptos
1542 686 1551 700 ,
1581 671 1608 693 et
1633 665 1724 701 perci-

215 715 350 750 piendos.
392 715 472 752 Quae
493 715 575 743 etiam
599 715 627 742 in
651 714 815 743 Publiciana
842 723 916 743 vera.
959 715 1045 753 Quod
1068 716 1101 743 ad
1125 716 1289 752 Impensas,
1317 717 1438 745 multum
1465 717 1600 750 interest,
1621 724 1656 744 an
1675 723 1723 744 eas

217 765 248 794 b.
272 765 294 793 f.
316 775 350 794 an
368 775 406 794 m.
430 766 452 794 f.
475 775 506 801 p.
528 766 656 794 deducat.
698 765 779 794 Prior
802 766 874 794 enim
895 768 1072 794 necessarias
1094 767 1209 795 deducit
1237 768 1275 795 L.
1298 769 1346 803 48.
1368 767 1424 795 Rei
1447 767 1535 795 Vind.
1581 767 1655 796 Dico
1676 766 1725 794 de-

215 816 315 851 ducit,
336 816 366 844 id
384 823 426 844 est
450 817 484 844 de
505 816 648 844 fructibus
670 817 854 852 extantibus3
879 817 903 845 si
925 818 1022 845 nullos
1048 817 1162 845 fructus
1185 810 1357 854 perceperit,
1380 818 1524 847 Dominus
1545 827 1591 846 eas
1613 818 1723 853 impen-

218 875 263 895 sas
290 866 435 895 refundere
464 867 547 896 debet
569 867 602 894 de
629 875 694 894 suo.
749 867 782 895 B.
808 866 828 894 f.
852 874 881 902 p.
912 867 994 894 etiam
1017 868 1100 895 utiles
1131 868 1273 904 impensas
1305 869 1443 903 deducit,
1480 869 1566 897 modo
1596 876 1638 896 res
1666 875 1724 895 1110-

217 917 274 946 ]ior
292 918 422 953 existat,
463 918 503 947 L.
526 927 571 953 29.
591 917 627 954 ff.
652 917 711 945 cod.
733 917 954 954 voluptuarias,
984 924 1122 953 quatenus
1147 919 1207 946 sine
1231 919 1269 947 rei
1291 919 1458 947 detrimento
1482 918 1511 945 id
1534 918 1592 946 fieri
1608 919 1721 954 possit,

216 969 298 1007 quod
318 969 400 997 etiam
423 975 491 997 tunc
512 968 663 1004 prohibere
685 975 783 1004 potest
804 968 968 1003 Dominus,
994 970 1078 998 modo
1095 969 1193 998 offerat
1206 970 1391 1005 Possessori,
1414 975 1551 1005 quantum
1569 969 1725 997 habiturus·

216 1017 342 1054 fuisset,
365 1020 389 1048 si
415 1020 493 1056 ipsae
515 1020 659 1055 impensae
680 1020 807 1048 sublatae
829 1027 933 1048 essent.
984 1020 1029 1048 M.
1052 1021 1076 1049 f.
1098 1030 1128 1057 p.
1152 1028 1261 1050 tantum
1283 1021 1453 1050 necessarias
1478 1020 1602 1049 deducit.
1644 1019 1726 1048 Haec

218 1070 314 1098 omma
336 1070 418 1099 etiarn
442 1072 538 1099 locum
564 1071 669 1099 habent
690 1071 718 1098 in
744 1071 918 1099 Publiciana.
968 1071 1036 1100 Non
1059 1079 1153 1101 autem·
1177 1073 1239 1102 ideo
1262 1073 1432 1106 dicendum,
1459 1073 1565 1100 nullam
1593 1071 1726 1100 differen-

217 1119 286 1148 tiam
310 1130 371 1150 esse
395 1123 468 1152 inter
492 1123 542 1150 has
562 1122 700 1150 actiones.
748 1122 813 1151 Hoc
843 1131 900 1151 non
925 1122 1083 1159 significare
1107 1125 1235 1161 JCtutn,
1266 1124 1448 1160 perspicuum
1475 1129 1518 1151 est
1540 1123 1621 1158 inde,
1644 1123 1726 1158 quod

217 1173 312 1200 multo
336 1173 429 1201 levior
448 1181 490 1201 est
510 1173 645 1202 Probatio
667 1173 775 1209 agentis
797 1173 978 1210 Publiciana,
1006 1183 1090 1210 quam
1111 1176 1149 1203 rei
1172 1163 1390 1206 Vindicatione„
1413 1183 1477 1202 cum
1503 1175 1549 1202 ille
1568 1181 1627 1203 non
1648 1181 1725 1210 opus

218 1222 320 1251 habeat
345 1224 482 1260 probare,
505 1233 534 1253 50
554 1225 676 1261 pretium
699 1224 824 1253 solvisse
843 1225 972 1261 auctori,
1002 1232 1046 1260 et,
1069 1226 1093 1253 si
1114 1226 1197 1254 habet
1217 1226 1329 1263 justum
1348 1226 1483 1261 titulum,
1513 1232 1623 1261 semper
1644 1229 1729 1260 pra&

223 1281 355 1301 sumatur
374 1275 402 1303 b.
427 1275 450 1303 f.
472 1285 571 1312 agere,
592 1277 682 1304 donec
704 1276 782 1304 Reus
804 1277 980 1305 contrarium
1002 1277 1179 1313 pr‹:›baverit.

257 1323 307 1351 Ait
329 1333 453 1359 sequens
476 1327 504 1360 ς.
526 1326 720 1355 Publicianam
747 1335 906 1363 competere
939 1329 1098 1357 Heredibus
1123 1336 1150 1357 et
1173 1330 1392 1359 successoribus
1419 1329 1597 1363 honorariis,
1627 1327 1655 1355 id
1679 1333 1726 1355 est

217 1373 380 1402 Praetoriis.
423 1374 509 1402 Ratio
532 1382 593 1408 est,
616 1377 683 1410 quia
708 1378 856 1410 UsucapIO
880 1379 1025 1402 descendit
1047 1380 1075 1403 111
1101 1380 1239 1408 heredem.
1280 1381 1312 1408 ln
1336 1390 1368 1408 eo
1393 1381 1543 1408 dissimilis
1564 1386 1661 1406 rursus
1684 1376 1724 1404 rei

220 1423 413 1453 vindicationi
435 1425 621 1460 Publiciana,
650 1425 727 1460 quod
752 1425 800 1452 illa
820 1433 878 1452 non
899 1425 981 1452 datur
1002 1424 1171 1458 heredibus,
1197 1433 1261 1451 cum
1289 1425 1323 1451 iis
1346 1433 1403 1452 non
1429 1425 1465 1452 sit
1494 1425 1666 1459 necessaria,
1696 1424 1725 1454 id

219 1482 264 1503 est
283 1476 349 1510 quia
371 1485 429 1504 non
452 1475 598 1504 vindicant
621 1484 676 1503 rem
698 1476 760 1512 jure
783 1475 970 1509 hereditario,
1001 1475 1050 1503 sed
1072 1474 1190 1511 proprio
1213 1476 1294 1511 jure,
1318 1484 1372 1504 suo
1392 1475 1517 1503 nomine.
1559 1476 1725 1504 Publiciana

216 1529 328 1561 autem,
354 1535 424 1562 quae
443 1533 554 1555 tantum
578 1527 661 1561 quasi
679 1526 846 1555 Dominium
865 1526 1061 1562 persequitur,
1084 1535 1142 1554 non
1157 1527 1239 1554 datur
1254 1526 1347 1554 heredi
1364 1535 1418 1554 suo
1436 1522 1570 1565 nomine,
1593 1527 1642 1554 sed
1658 1527 1725 1562 quia

218 1577 298 1605 heres
324 1584 377 1605 est.
419 1578 588 1613 Usucapio,
612 1587 683 1613 quae
706 1587 721 1606 a
738 1577 876 1606 defuncto
895 1583 995 1613 coepta
1018 1583 1079 1611 est,
1101 1577 1130 1605 in
1154 1585 1216 1605 eum
1242 1577 1341 1604 transit
1366 1579 1521 1605 accessione
1541 1577 1722 1605 Possessionis

218 1632 254 1654 *nt
270 1634 408 1664 vocatur3
431 1637 489 1657 non
514 1630 731 1665 interrumpitur
747 1635 854 1663 morte,
875 1628 985 1656 etiamsi
1010 1637 1060 1663 per
1079 1627 1196 1663 aliquod
1220 1635 1331 1663 tempus
1351 1628 1487 1656 hereditas
1502 1628 1585 1664 jacet.
1626 1628 1727 1657 Proin-

217 1676 257 1703 de
280 1679 412 1710 quoniam
436 1681 559 1708 eamdem
580 1681 731 1708 Personam
750 1679 879 1707 defuncti
900 1685 1107 1715 repraesentat,
1129 1687 1187 1707 11οη
1206 1680 1342 1715 prodest,
1366 1686 1414 1706 aut
1431 1686 1514 1707 nocet
1531 1680 1565 1712 ei,
1596 1679 1619 1706 51
1636 1679 1723 1706 fuer1t

221 1725 252 1753 b.
270 1725 291 1753 f.
315 1733 362 1753 aut
386 1735 423 1755 m.
443 1726 466 1754 f.
507 1731 536 1755 Si
561 1730 633 1758 enim
657 1731 769 1758 initium
794 1730 1005 1765 Usucapionis,
1037 1730 1115 1765 quod
1136 1738 1150 1757 a
1172 1729 1310 1758 defuncto
1336 1730 1456 1765 incipit,
1478 1736 1505 1758 et
1527 1730 1603 1764 quod
1627 1730 1720 1755 50111111

218 1779 384 1812 spectatur,
412 1778 545 1806 dolosum
573 1778 648 1814 suit,
678 1788 737 1807 non
760 1786 858 1816 potest
880 1780 1031 1817 Usucapio
1054 1781 1088 1809 ab
1111 1781 1209 1810 herede
1236 1780 1394 1817 persequi,
1423 1780 1472 1816 qui
1500 1780 1528 1807 in
1558 1779 1651 1807 omnia
1677 1779 1724 1806 de-

1646 1828 1732 1857 stuic-

248 1902 315 1931 (23)
330 1906 466 1931 Bynkmhoek
481 1907 529 1928 Ohs.
547 1907 602 1933 VH,
620 1910 653 1929 18.
686 1909 814 1936 mnenberg
830 1909 857 1930 ad
874 1909 894 1931 Ιι,
910 1909 935 1931 Τ.
952 1909 979 1936 ffi
1001 1911 1022 1936 δ.
1037 1913 1073 1936 23.

249 1946 317 1973 (2⁴)
331 1945 397 1967 Nom
412 1948 483 1969 comm.
501 1949 528 1969 ud
546 1950 567 1969 Ιι-
583 1949 604 1970 T.
618 1949 645 1975 ffi
667 1957 689 1976 p.
705 1955 754 1976 ποῖ.

250 1983 315 2013 (²5)
330 1988 365 2010 Cf.
381 1989 431 2010 Vm
446 1992 519 2012 cmm.
536 1990 563 2011 ud
576 1991 597 2014 h.
613 1991 638 2014 T.
650 1990 678 2017 ff.
699 1992 718 2016 5.
733 1997 769 2012 ιο.
