1960 2500
310 170 373 207 „16
763 160 800 209 J.
858 167 1016 200 ‘vAN2
1052 157 1390 219 vfoofls'r

314 280 407 304 cum
435 264 583 314 imperio
613 259 713 297 civili
739 258 986 307 pontificatum
1019 259 1217 305 assumsit,
1246 259 1344 308 quod
1369 266 1557 308 sequentes
1576 260 1742 310 deinceps
1765 261 1838 307 Im·-

313 338 511 378 ‹peratores
529 333 732 360 constanter
747 321 959 370 probarunt.
1012 320 1071 357 Ab
1092 321 1148 356 his
1167 322 1279 370 igitur
1298 323 1418 371 regiae
1436 330 1575 357 tantum
1593 331 1626 359 et
1644 324 1847 372 imperatof

323 391 401 426 riae
430 387 618 436 potestatis
642 384 813 420 tutandae
839 395 950 418 causa
977 382 1124 431 Religio
1153 382 1314 419 adhibita
1350 392 1414 420 est.
1469 384 1740 433 Nequemulto
1772 385 1839 422 ho-

325 450 466 487 nestius
487 448 643 482 aliorum
660 453 787 494 postea
807 444 1018 492 Principum
1037 444 1109 481 fuit
1126 446 1377 493 propositum,
1405 447 1467 495 qui
1492 446 1648 482 sanioris
1672 446 1838 494 Religio-

325 514 383 547 nis
411 522 448 544 se
472 510 628 545 cultores
653 507 810 556 professi
838 514 938 541 sunt.
989 507 1275 544 Animadvertite
1302 508 1413 554 mihi,
1442 511 1488 544 A.
1506 509 1552 544 A.
1580 508 1839 556 quantumin-

318 573 514 618 -terjectum
546 571 592 606 sit
619 562 853 605 intervallum
881 568 972 603 inter
996 569 1189 604 manifesta
1214 569 1365 605 illorum
1385 570 1589 618 Principum
1602 598 1616 615 ,
1644 570 1688 605 de
1707 568 1843 619 quibus

314 647 393 671 -nos
412 646 509 669 nunc
525 633 693 681 agimus,
721 630 841 666 studia
861 637 894 666 et
910 630 1084 676 consilia,
1113 639 1147 666 et
1170 631 1368 668 multorum
1394 633 1586 680 praeconio
1614 630 1844 667 nobilitatam

318 697 431 734 *illam
459 694 661 743 Religionis
691 691 925 729 Christianae
951 693 1234 740 professionem,
1261 706 1371 742 quam
1400 695 1542 730 saeculo
1571 702 1704 743 quarto
1741 693 1841 740 Con-⁴

322 757 550 800 staminum,
579 755 644 804 qui
670 755 763 790 inter
796 754 987 802 Principes
1015 753 1246 799 Christianos
1273 757 1411 803 primas
1438 764 1552 802 tenet,
1581 764 1613 791 et
1636 768 1744 803 quem
1772 755 1843 791 hae

320 819 495 867 inprimis
515 819 558 853 de
577 829 684 852 causa
703 816 914 852 adulatores
935 815 1124 864 [Magnum
1142 817 1312 853 dixerunt
1326 846 1338 863 ‚
1367 819 1521 854 edidisse
1538 818 1729 853 memoriae
1757 829 1844 866 pro-

327 881 443 917 ditum
461 888 540 927 est,
563 892 646 914 eum
673 879 831 924 scilicet,
859 891 991 926 quem,
1019 878 1102 913 licet
1131 879 1174 914 ad
1200 880 1404 928 augendum
1423 889 1457 917 et
1483 880 1735 916 sustinendum
1755 879 1845 914 civi-

329 943 416 979 tatis
444 941 675 977 Christianae
701 941 811 975 decus
841 948 952 988 atque
980 940 1258 982 emolumentum
1286 945 1443 979 multum
1471 943 1687 988 contulerit,
1725 950 1844 977 tamen

330 1003 378 1039 ad
405 1015 492 1037 suas
518 1003 634 1051 magis
665 1014 774 1050 quam
790 1000 1032 1038 'subditorum
1056 1013 1114 1036 res
1137 1015 1257 1044 omnia
1287 1004 1478 1049 retulisse,
1509 1017 1581 1041 non
1603 1004 1848 1061 dubitandum

325 1065 391 1102 sit.
449 1064 635 1100 Nimirum
664 1062 902 1099 utilissimum
931 1071 1035 1100 ratus
1068 1063 1116 1110 iis
1151 1075 1189 1099 se
1224 1064 1420 1113 adjungere
1454 1063 1651 1113 partibus,
1688 1076 1848 1113 quarum

329 1127 468 1164 auxilio
490 1135 522 1161 et
538 1126 653 1161 tutela
673 1138 777 1160 suam
796 1125 975 1161 adversus
997 1127 1136 1174 imperii
1166 1127 1328 1163 aemulos
1346 1128 1596 1163 auctoritatem
1623 1139 1705 1161 cum
1727 1124 1847 1161 maxi-

331 1200 389 1225 me
410 1200 447 1223 se
471 1188 566 1223 tucri
582 1200 689 1236 posse
712 1187 956 1233 existimaret,
985 1187 1030 1233 ad
1050 1187 1281 1230 Christianos
1298 1190 1466 1236 transiit,
1491 1180 1633 1238 ‘quibus'
1657 1196 1774 1223 tamen
1799 1187 1848 1224 ad

333 1250 416 1287 lites
437 1250 558 1298 potius
578 1258 611 1285 et
636 1248 880 1297 contentiones
900 1250 1070 1295 alendas,
1098 1264 1208 1300 quam
1232 1252 1422 1300 adpacem
1444 1259 1477 1287 et
1497 1250 1719 1293 communem
1744 1248 1848 1297 utili-

331 1320 440 1348 tatem
457 1311 741 1361 procurandam,
754 1311 931 1356 inserviit.
969 1311 1119 1355 Quanta
1138 1326 1224 1349 vero
1244 1313 1512 1357 incelsissimis
1530 1312 1606 1348 illis
1622 1312 1738 1347 nostri
1755 1319 1847 1346 tema

329 1375 433 1422 poris
462 1373 694 1421 Principibus
720 1372 942 1421 magnitudo>
959 1374 1069 1409 animi
1096 1375 1235 1420 elucet,
1264 1375 1326 1422 qui
1349 1368 1501 1411 adeam.
1519 1386 1593 1409 rem
1612 1373 1735 1421 palam
1758 1364 1846 1420 pro-2

327 1435 499 1471 fitendam
527 1444 560 1471 ct
592 1436 779 1471 tutandam
807 1423 959 1470 consilia
989 1437 1260 1482 consociarunt,
1289 1449 1400 1485 quam
1430 1449 1561 1484 magna
1586 1435 1693 1470 hodie
1721 1445 1846 1470 eorum

334 1506 500 1542 caterva,
529 1498 590 1545 qui
625 1497 692 1533 soli
720 1495 791 1531 sibi
817 1509 942 1544 sapere
969 1497 1161 1542 videntur,
1191 1498 1236 1533 ad
1265 1510 1417 1546 magnos
1440 1506 1534 1532 certe
1559 1497 1720 1531 homines
1736 1496 1848 1544 plane

335 1571 409 1593 non
437 1560 634 1607 pertinere,
663 1559 736 1594 alto
762 1559 957 1606 supercilio
982 1558 1180 1604 contendit3
1207 1570 1364 1606 quorum
1391 1558 1635 1606 impudentiae
1659 1566 1694 1594 et
1709 1568 1845 1606 proca-

335 1620 435 1655 citati
457 1633 522 1655 nos
549 1628 730 1655 tantorum
749 1620 959 1667 Principum
979 1620 1194 1667 opponimus
1213 1620 1438 1668 exemplum,
1467 1632 1561 1669 quos
1588 1621 1625 1656 in
1656 1618 1846 1656 sanctissi-

333 1693 434 1716 mum
450 1681 594 1726 foedus,
627 1693 697 1716 non
718 1679 952 1716 confirmandi
970 1681 1134 1728 imperii,
1164 1681 1297 1730 quippe
1316 1682 1391 1729 jam
1419 1681 1595 1728 stabiliti,
1624 1681 1687 1717 sed
1714 1681 1846 1716 huma-

335 1754 423 1788 nae,
452 1743 572 1791 quoad
602 1743 680 1790 ejus
708 1742 785 1778 fieri
811 1742 952 1790 possit,
980 1741 1165 1791 augendae
1190 1752 1222 1779 et
1247 1742 1523 1793 amplificandae
1552 1743 1684 1780 salutis
1708 1737 1842 1788 causa,

331 1805 537 1849 coaluisse,
566 1814 623 1837 res
647 1802 818 1839 universa
837 1804 1012 1841 declarat.
1525 1811 1542 1816 “

384 1866 444 1901 llli
464 1866 608 1914 quidem
628 1877 730 1899 suam
753 1864 823 1901 sibi
839 1865 994 1901 habeant
1016 1867 1273 1916 sagacitatem,
1303 1867 1368 1916 qui
1390 1880 1411 1902 a
1432 1866 1569 1904 turbati
1591 1865 1728 1902 cerebri
1748 1878 1844 1902 som-

336 1926 429 1972 niis,
459 1935 492 1962 ct
514 1926 670 1962 fanatico
696 1927 814 1961 nescio
836 1939 909 1975 quo
931 1928 1074 1964 fervore
1109 1928 1222 1976 hujus
1250 1929 1301 1963 rci
1328 1929 1486 1977 origines
1503 1938 1536 1964 et
1551 1940 1767 1978 progressus
1783 1937 1843 1961 re-

336 1988 408 2033 peti
438 1986 565 2023 debere
583 2015 594 2033 ,
631 1982 844 2023 confidenter
871 1989 1058 2037 dictitant,
1097 1991 1203 2038 quasi
1232 2003 1317 2027 vero
1348 2002 1406 2026 res
1436 1991 1521 2027 talis
1548 2000 1582 2027 et
1606 1999 1725 2032 tanta,
1753 1995 1786 2023 <³1
1817 1999 1839 2024 ἃ

1736 2060 1843 2097 prae-
