1940 2474
516 163 1416 199 COMMENTATIO‘MEDICA'.
1680 168 1722 203 35

189 255 304 287 Illustr.
327 253 476 292 Basffom‘us
499 260 644 290 censeret,
670 254 754 282 talem
780 252 810 281 in
833 253 979 289 plerisque
1001 253 1117 283 casibus
1145 260 1324 283 constantem
1350 260 1378 282 et
1405 254 1561 283 naturalem
1587 254 1714 290 partium

189 306 413 343 dispositionem
439 304 562 334 fortuito
583 305 665 334 casui
681 304 799 333 debere?
828 303 876 333 An
898 313 964 333 vero
988 304 1046 333 vim
1069 304 1194 341 aliquam
1216 305 1246 334 in
1272 306 1324 335 hac
1345 306 1469 334 mirabili
1490 306 1614 342 partium
1630 315 1711 337 com-

190 365 264 396 page
282 358 431 387 formanda
455 357 636 386 assumeret?
665 356 696 386 Si
719 356 770 384 hac
793 356 892 385 ultima
913 356 1025 386 ratione
1045 364 1102 385 rem
1121 357 1261 392 explicare
1282 358 1386 394 vellet,
1408 364 1478 386 tunc
1503 363 1578 385 certe
1600 357 1711 388 nullam

186 410 294 440 ‘virium
321 409 527 438 universalium
549 415 665 438 naturae
682 408 770 445 hujus
795 408 985 444 phaenomeni
1007 416 1139 437 caussam
1158 417 1314 445 agnoscere
1338 415 1456 445 posset,
1479 409 1528 438 sed
1550 409 1584 437 ad
1601 409 1713 445 specia-

187 462 256 493 lem.
272 464 413 498 quandam
438 461 516 498 vim,
547 461 696 498 organicae
723 461 778 489 soli
801 461 927 490 Naturae
949 461 1115 498 propriam,
1145 461 1344 489 recurrendum
1371 466 1464 489 esset:
1494 460 1553 495 Et,
1580 468 1710 497 quaeso,

186 513 261 549 quid
283 513 361 542 aliud
387 520 486 542 nostra
508 513 554 542 vis
584 513 682 542 vitalis
706 519 768 548 est,
799 521 885 548 quam
909 512 953 541 vis
981 512 1133 549 specialis,
1161 512 1309 549 organicae
1337 512 1465 541 Naturae
1489 512 1545 540 soli
1568 512 1710 548 propria?

186 565 220 594 si
241 573 308 594 vero
330 574 427 593 casum
456 565 610 594 fortuitum
637 573 690 601 pro
713 566 801 593 causa
828 565 915 602 hujus
939 564 1129 600 phaenomeni
1151 564 1252 600 ponit,
1282 564 1318 592 de
1340 564 1392 593 hac
1415 563 1553 600 opinione
1576 573 1630 593 nos
1659 563 1708 593 ab-

183 616 349 645 horrescere
371 617 463 653 palam
487 616 669 646 confitemur.
723 618 830 646 Elucet
854 617 928 645 enim
954 617 984 645 in
1013 617 1065 645 hac
1099 616 1222 645 mirabili
1248 616 1400 652 praecipue
1429 615 1624 652 dispositione
1646 623 1711 651 par-

183 668 259 697 tium
277 669 383 698 Divina
403 669 559 705 sapientia,
590 677 664 705 quae
686 670 733 698 vel
759 669 904 698 minimam
933 669 1103 705 particulam
1124 669 1158 696 acl
1185 667 1328 703 aliquem,
1349 667 1434 696 nobis
1458 667 1526 696 licet
1549 667 1626 695 haud
1646 669 1709 697 raro

183 720 385 757 incognitum,
416 729 500 749 usum
525 721 631 750 creavit
651 727 680 750 et
708 721 866 757 disposuit.
918 720 1008 749 Recte
1030 719 1119 756 igitur
1144 719 1256 747 Illustr.
1279 718 1420 746 Hallcrus
1442 719 1527 755 (3),
1565 738 1582 753 „
1598 718 1712 755 sapiens

186 790 205 806 „
225 781 315 800 causa
334 772 387 808 (in
402 772 454 800 hac
479 772 626 808 Theoria)
647 771 852 806 desideratur,
875 780 950 809 quae
965 777 1066 809 aptam
1083 771 1236 798 materiem
1253 769 1295 798 ad
1303 771 1453 808 praevisos
1470 768 1542 805 fines
1560 768 1710 798 ordinet.’'

181 822 263 851 Haec
290 822 378 858 igitur
402 829 434 850 ut
465 822 541 850 fictis
567 821 761 850 fundamentis
791 828 990 858 superstructa
1021 822 1050 851 in
1080 821 1200 851 dubium
1228 829 1331 849 vocare
1356 820 1431 850 licet.
1480 820 1551 854 Non
1576 820 1650 849 enim
1678 820 1709 850 in

183 868 326 902 Theouae
347 873 466 910 gratiam
488 879 619 902 naturam
635 873 762 908 flectere,
781 881 808 901 ct
831 874 872 902 sic
894 883 1017 909 novam,
1040 880 1072 902 ut
1087 874 1126 902 ita
1146 873 1258 907 dicam,
1280 873 1353 900 velle
1377 880 1488 908 creare,
1510 872 1553 901 fas
1575 880 1635 909 est;
1659 873 1708 902 sed

180 930 283 954 contra
306 924 445 952 theoriam
472 923 503 951 in
531 930 648 952 naturae
672 924 789 960 gratiam
809 931 838 952 et
857 925 892 953 acl
914 926 976 962 ejus
1000 933 1129 953 normam
1159 924 1310 960 disponere
1339 931 1366 952 et
1388 930 1516 960 mutare,
1543 925 1612 953 haec
1634 923 1711 961 opti-

179 978 227 1004 ma
246 981 291 1009 et,
315 983 360 1003 me
379 975 494 1010 quidem
518 974 634 1012 J'utlice,
655 975 740 1003 unica
759 975 824 1010 via,
855 984 928 1012 quae
949 976 1168 1013 disciplinarum
1189 975 1397 1006 incrementum
1417 976 1453 1004 ad
1475 983 1623 1011 summae,
1649 982 1708 1012 qua

179 1026 308 1055 {numana
324 1026 457 1062 pollent,
480 1025 665 1062 perfectionis
686 1027 804 1063 gradum
827 1028 942 1057 evehere
963 1029 1069 1065 possit.

180 1090 185 1092 >
221 1077 312 1116 Quod
336 1077 438 1107 attinet
457 1069 595 1107 theoriam
617 1078 698 1107 Clar.
721 1079 820 1115 Oken,
849 1079 903 1109 hac
928 1079 959 1109 in
982 1081 1110 1110 sectione
1135 1086 1339 1115 memoratam,
1369 1087 1430 1108 non
1453 1084 1585 1108 nostrum
1609 1083 1654 1107 est
1674 1076 1711 1107 de

180 1125 236 1159 hae
251 1129 392 1167 judicium
413 1130 505 1166 ferre,
530 1130 559 1159 in
581 1137 723 1167 quantum
746 1133 920 1161 adsumenda
935 1133 982 1162 vel
1002 1133 1155 1170 rejicienda
1175 1133 1225 1162 sit.
1266 1131 1395 1161 Unicum
1419 1131 1474 1160 hoc
1496 1130 1597 1159 addere
1619 1129 1708 1165 licet,

178 1183 283 1218 quod,
305 1181 416 1211 etiamsi
438 1181 505 1211 haec
533 1183 629 1212 omnia
657 1191 722 1212 vera
751 1183 867 1220 forent,
902 1185 982 1213 nulla
1005 1185 1072 1214 inde
1098 1185 1190 1222 maior
1217 1185 1269 1213 lux
1297 1183 1373 1213 vitae
1400 1182 1515 1212 notioni
1543 1181 1709 1218 affulgeret:

179 1232 267 1263 Ponit
295 1234 370 1263 enim
394 1234 448 1271 Vir
473 1233 681 1270 Clarissimus,
710 1243 794 1264 omne
821 1235 923 1266 'vivum
954 1244 990 1265 ex
1017 1236 1088 1266 vivo
1117 1236 1207 1272 oriri,
1237 1236 1290 1265 sed
1320 1236 1402 1264 nullo
1436 1235 1545 1270 modo,
1574 1232 1646 1269 quid
1667 1230 1709 1262 sit

179 1285 301 1322 vivum,
324 1293 421 1315 utrum
443 1294 477 1315 ex
499 1286 637 1323 peculiari
658 1287 795 1323 materia,
816 1297 852 1317 an
875 1296 943 1318 vero
969 1297 1003 1318 ex
1024 1288 1063 1316 vi‘
1074 1288 1155 1317 vitali
1175 1287 1304 1323 oriatur,
1326 1286 1505 1315 determinat.

221 1337 277 1366 IV.
301 1338 405 1366 Sectio.
447 1338 576 1366 Tandem
595 1338 762 1367 devenimus
779 1340 814 1368 ad
832 1340 1026 1376 generationis
1040 1339 1178 1368 theoriam
1189 1359 1199 1375 ,
1215 1347 1289 1375 quae
1305 1338 1441 1373 quidem,
1460 1336 1485 1365 si
1501 1343 1561 1365 non
1582 1334 1616 1363 ab
1630 1332 1712 1363 omni

177 1392 260 1424 parte
281 1391 362 1424 vera,
384 1395 462 1418 certo
489 1395 584 1417 tamen
610 1389 748 1419 omnibus
770 1387 890 1426 reliquis
915 1392 1039 1427 palmam
1064 1390 1227 1426 praecipere
1251 1389 1384 1423 videtur,
1414 1393 1441 1416 et
1471 1394 1577 1423 quam,
1605 1384 1708 1414 nostra

179 1437 299 1474 —quidem
324 1438 485 1473 sententia,
507 1445 564 1466 tam
588 1439 720 1475 difficile,
742 1441 791 1469 vix
816 1442 978 1477 possibile,
1008 1442 1127 1471 dixerim
1151 1440 1227 1475 fere,
1250 1439 1366 1476 penitus
1388 1438 1502 1475 rejicere
1527 1443 1591 1472 est,
1619 1443 1707 1472 quam

178 1489 272 1518 audax
297 1489 357 1524 sit,
388 1495 416 1518 et
439 1489 586 1526 analogiae
612 1491 699 1519 nimis
721 1491 839 1528 favens,
870 1493 948 1522 illam
974 1501 1028 1529 pro
1057 1492 1179 1530 generali
1203 1489 1394 1529 generationis
1420 1489 1521 1519 norma
1549 1494 1706 1517 assumere.

176 1539 348 1577 Loquimur
367 1549 469 1577 nempe
492 1541 526 1569 de
545 1541 595 1570 illa
618 1541 763 1579 Theoria,
786 1552 859 1580 quae
879 1544 1058 1583 Epigenesin
1079 1550 1198 1579 tuetur,
1228 1543 1258 1571 in
1280 1548 1426 1578 quantum>
1444 1549 1528 1570 unam
1553 1545 1623 1576 post
1639 1539 1710 1567 alte-

179 1599 238 1620 ram
263 1599 372 1629 partem
397 1592 514 1621 formari
540 1593 635 1622 docet.
679 1595 817 1625 Chemica
837 1604 907 1626 vero
930 1596 988 1626 dici
1008 1603 1129 1634 posset,
1152 1595 1181 1624 in
1206 1600 1346 1631 quantum
1374 1593 1404 1622 vi
1432 1591 1576 1621 affinitatis
1600 1589 1711 1628 princi-

177 1643 227 1679 pia
243 1650 331 1673 semet
347 1644 470 1673 invicem
489 1645 628 1675 attrahere
644 1645 787 1676 dicantur.
829 1647 985 1678 Videamus
1002 1657 1080 1678 nunc
1091 1668 1102 1685 ,
1127 1656 1162 1677 an
1181 1646 1243 1676 sine
1261 1647 1319 1675 ulla
1334 1644 1517 1675 restrictione
1537 1637 1707 1672 assumenda¹

173 1695 235 1730 eit,
257 1703 308 1723 nec
324 1695 382 1724 ne?

217 1745 249 1774 Si
271 1746 358 1781 quis,
380 1745 545 1775 Needlmml
568 1748 645 1784 (qui
667 1749 756 1788 hujus
775 1751 940 1787 systematis
964 1750 1099 1781 conditor
1118 1757 1185 1779 esse
1205 1749 1343 1786 videtur)
1371 1754 1398 1776 et
1423 1745 1574 1783 praecipue
1594 1743 1704 1772 Priore-

174 1796 251 1834 ieyi,
273 1795 494 1834 Ingenhouszii,
519 1799 701 1836 aliorumque
725 1802 973 1832 celeberrimorum
993 1803 1139 1837 virorum,
1166 1800 1368 1838 experimentis
1394 1807 1454 1828 non
1478 1804 1590 1826 omnem
1616 1794 1701 1823 fidem

175 1847 367 1891 ‘derogandam
392 1857 455 1877 esse
477 1857 609 1886 censeat,
631 1851 655 1880 is
676 1858 753 1881 certe
770 1857 988 1891 generationem
1013 1855 1218 1893 aequivocam,
1238 1853 1313 1889 quae
1337 1850 1415 1880 basis
1438 1857 1482 1879 est
1504 1847 1648 1882 theoriae,
1667 1844 1704 1874 de

178 1895 239 1935 qua
257 1899 372 1935 agitur,
393 1908 453 1929 non
475 1906 507 1928 ut
527 1900 623 1931 fictam
643 1903 728 1939 plane
754 1904 872 1942 rejiciat.
913 1906 1029 1936 Etenim
1054 1910 1240 1943 argumenta,
1271 1912 1344 1941 quae
1372 1900 1400 1932 e't
1427 1902 1462 1932 ab
1490 1899 1614 1930 Hallero
1641 1903 1668 1926 et
1685 1903 1702 1926 ²

1655 1953 1705 1978 ce·

212 2013 256 2042 (³)
271 2013 321 2036 Lae.
337 2013 391 2036 laud.
415 2012 435 2042 Ξ.
450 2015 546 2044 eodem,
562 2023 612 2046 pag.
627 2023 675 2043 ιιι.

997 2062 1022 2093 Ε
1044 2071 1063 2093 a
