1940 2474
527 149 1464 193 COMMENTgATIO.„JUR1D31CA.
1702 155 1753 199 33

243 236 370 276 mimus,
395 239 477 276 qnasi
500 247 543 267 res
562 240 620 276 jam
643 244 785 275 usucapta
809 238 867 273 sit;
899 238 1007 275 igitur,
1036 246 1211 274 quamquam
1230 238 1380 276 Usucapio
1404 248 1463 269 non
1485 240 1600 276 impleta
1622 242 1678 278 sit,
1707 251 1748 273 ta.

244 300 307 321 men
329 300 392 327 res,
425 299 510 326 quam
533 291 678 326 petimus,
707 291 768 328 ejus
784 282 906 318 ¹naturae
927 298 990 318 esse
1012 290 1119 325 debet,
1149 298 1222 325 quae
1244 291 1366 327 usucapi
1391 298 1500 327 potest.
1547 291 1612 321 Hoc
1636 294 1748 329 saepius

229 344 295 380 jam
316 342 498 371 observatum
518 349 533 369 a
553 340 639 369 nobis
660 347 714 369 est.
763 339 840 368 Inter
861 348 907 379 eas
932 348 996 375 ies,
1027 348 1106 379 quae
1124 341 1247 377 usucapi
1270 350 1329 371 non
1353 350 1494 379 possunt,
1521 329 1749 375 enumeravimus

241 403 284 423 res
304 393 444 423 furtivas.
473 394 508 422 de
534 392 579 420 his
603 391 728 421 vidimus
762 400 822 420 non
848 391 907 420 dari
937 391 1144 433 Publicianam.
1192 393 1369 429 Vectigalia,
1398 401 1448 423 aut
1472 393 1674 431 stipendiaria,
1701 403 1752 435 aut

230 445 392 479 ‚tributoria
415 445 529 481 praedia
548 453 607 473 non
628 443 748 479 usucapi
772 449 914 480 possunt.
945 451 1011 479 ergo
1030 443 1188 472 dicendum
1204 444 1298 480 foret,
1322 445 1357 473 de
1376 444 1411 473 iis
1435 445 1517 474 etiam
1539 454 1599 475 non
1615 447 1674 476 dari
1693 438 1753 478 Pu-

240 497 408 526 bliciamam:
431 496 509 524 aliud
528 502 621 524 autem
645 495 747 524 statuit
766 494 879 523 Paulus
899 495 930 523 in
949 495 978 531 §.
1002 495 1107 524 2.110c
1129 497 1208 524 loco.
1254 497 1421 532 Antequam
1445 503 1538 526 autem
1561 497 1628 526 haec
1653 497 1750 532 conci-

237 548 306 577 liare
327 547 518 584 incipiamus,
540 547 664 583 primum
686 548 720 576 de
740 547 862 583 prataliis
887 546 945 575 illis
967 546 1108 575 nonnulla
1129 546 1248 576 dicenda
1269 555 1349 576 sunt.
1731 575 1733 577 .

279 599 528 628 Scilicet-solebat
553 599 687 635 populus
705 599 875 634 Romanus,
905 599 950 627 vel
973 606 1160 635 quaecunque
1178 598 1329 634 civitates,
1350 600 1472 636 privatis
1499 601 1653 630 concedere
1672 590 1752 638 prae-

238 650 304 686 dia,
326 657 360 679 ut
382 651 495 680 cultum
516 650 631 679 meliora
650 651 840 680 redderentur.
881 650 937 678 Pro
958 650 1138 686 emphyteusi
1160 650 1228 685 illa,
1251 659 1323 686 quae
1340 652 1508 688 plerumque
1529 652 1560 681 in
1579 659 1750 689 perpetuum

239 696 344 738 fiebat,
370 702 476 738 privati
498 702 649 731 solvebant
670 711 796 731 annuum
825 702 965 730 Callonem
980 722 991 737 ,
1020 709 1053 730 ut
1078 707 1217 736 vocatur,
1245 701 1274 729 id
1295 708 1338 729 est
1362 702 1486 739 vectigal
1509 704 1672 739 quoddam,
1693 713 1752 743 ma-

239 753 284 791 gis
301 754 336 782 ad
349 754 562 791 agnoscendum
581 753 750 782 Dominium
761 775 772 789 ‚
798 761 882 789 quam
898 754 933 781 ad
948 754 1103 782 mercedem
1123 751 1311 780 tribuendam.
1353 751 1494 795 Quamyis
1509 754 1555 782 hic
1569 755 1746 784 Contractus

238 812 289 840 per
308 806 400 834 multa
422 805 529 834 similis
550 805 587 833 sit
607 805 682 833 Loc.
710 805 928 839 Conducdoni,
947 804 978 832 in
995 804 1171 839 quibusdam
1190 810 1283 832 tamen
1301 804 1335 831 ab
1360 811 1391 830 ea
1413 802 1520 832 differt.
1564 804 1677 845 Exinde
1699 815 1753 843 pa-

236 860 297 889 tet,
318 856 449 890 privatos
474 856 542 884 illos
560 856 590 883 in
609 854 654 883 his
673 854 797 890 praediis
818 863 883 883 non·
902 854 1036 882 habuisse
1056 853 1225 883 Dominium
1246 853 1446 889 quii-itanum,
1466 856 1515 884 sed
1530 863 1579 885 eos
1597 863 1707 886 tantum
1719 858 1750 895 iit

222 904 322 933 „bonis
343 905 455 940 praedia
475 906 525 934 illa
543 906 678 934 habuisse
698 905 713 940 (
723 914 755 942 39
765 906 792 942 ).
833 906 872 934 Et
893 906 922 933 in
939 914 971 934 eo
989 906 1139 942 vectigalia
1155 905 1442 934 conveniebantcum
1455 907 1578 942 praediis
1595 908 1748 944 stipendia-

234 956 285 985 riis
308 963 336 986 et
359 956 540 992 tribum-iis,
563 966 635 992 quae
656 957 842 993 intelligenda
862 964 933 986 sunt
954 956 1008 985 snb
1031 956 1125 986 verbis
1143 957 1212 994 thi
1233 963 1259 985 ct
1280 958 1311 985 in
1328 957 1395 986 aliis
1405 957 1550 995 praedit's.
1591 958 1668 987 Haec
1682 967 1748 989 vero

219 1014 315 1042 *erant
337 1007 449 1046 praedia
470 1008 499 1036 in
521 1008 703 1047 Provinciis,
725 1017 796 1044 quas
820 1009 950 1044 populus
967 1007 1118 1037 Romanus
1135 1009 1221 1037 armis
1245 1015 1452 1045 occupaverat,
1472 1009 1546 1045 sitags
1563 1018 1748 1046 possessores

219 1066 398 1096 ‚praesentes
422 1059 453 1088 in
481 1067 578 1088 eorum
608 1060 796 1096 possessione
826 1059 898 1088 salvi
921 1060 1092 1095 manebant,
1121 1061 1170 1088 sed
1199 1061 1248 1097 jus
1281 1059 1429 1096 quiritium
1457 1060 1488 1090 in
1510 1060 1559 1091 iis.
1574 1069 1633 1090 non
1662 1061 1751 1092 habe-

220 1110 314 1141 ..bant.
361 1111 401 1140 Et
425 1110 456 1139 in
483 1119 516 1140 eo
541 1112 635 1140 adhuc
656 1111 794 1140 differunt
816 1111 985 1140 Tributoria
1007 1120 1022 1140 a
1043 1111 1259 1147 stipendiariis,
1286 1112 1364 1147 quod
1385 1111 1417 1141 in
1442 1112 1487 1141 his
1509 1113 1673 1142 solvebatur
1695 1112 1748 1153 sti-

219 1163 368 1199 „pendium
388 1162 522 1199 Populo‚
543 1162 649 1192 inillis
665 1163 806 1192 tributum
822 1162 960 1199 Principi.
1002 1162 1104 1192 Omnia
1126 1163 1193 1191 haec
1214 1163 1347 1199 praedia,
1374 1170 1512 1199 tanquam
1534 1173 1578 1193 res
1599 1172 1652 1193 nec
1670 1172 1748 1196 man·

218 1212 291 1248 cipi
311 1215 431 1251 usucapi
455 1223 515 1243 non
537 1221 687 1251 poterant,
717 1215 854 1251 quoniam
874 1223 933 1244 non
957 1214 1098 1250 habebant
1117 1215 1165 1252 jus
1190 1213 1341 1250 quiritium·
1363 1216 1408 1245 vel
1434 1215 1529 1245 civile.
1578 1216 1634 1245 Sed
1652 1224 1746 1256 pona(-

217 1271 297 1299 ‚mus
321 1273 366 1293 me
386 1265 548 1294 obtinuisse
565 1274 581 1294 a
605 1266 735 1295 l’raetore
758 1266 963 1296 immissionem
983 1266 1013 1295 in
1041 1266 1121 1295 aedes
1143 1255 1296 1301 vectigales
1317 1266 1422 1302 vicini,
1453 1267 1505 1303 qui
1528 1268 1563 1296 de
1581 1268 1685 1297 damno
1705 1267 1748 1306 in-

219 1314 308 1350 ,fecto
325 1325 424 1345 cavere
447 1317 594 1353 noluerit,
617 1319 762 1354 quodnam
786 1319 834 1356 J'us
859 1318 929 1346 mihi
951 1317 1053 1346 tribuit
1071 1317 1144 1346 illud
1165 1317 1310 1346 decretum
1329 1318 1494 1356 Principis,
1515 1319 1656 1354 siquidem
1680 1325 1750 1348 usu-

215 1375 330 1402 .capere
351 1369 434 1399 aedes
457 1377 504 1396 eas
526 1371 687 1397 „eque-amo
717 1370 781 1397 Hoc
805 1371 890 1399 docet
910 1370 948 1399 L.
970 1376 1016 1401 ις.
1037 1369 1066 1401 5.
1091 1369 1140 1397 26.
1158 1367 1195 1400 ff·
1217 1369 1251 1397 dc
1271 1369 1388 1397 Damno
1410 1369 1468 1405 inf.
1509 1367 1656 1396 Nimirum
1676 1375 1746 1401 tunc

231 1415 330 1444 eodem
350 1413 413 1450 jure
433 1417 518 1447 utor,
543 1420 604 1447 quo
626 1411 759 1440 utebatur
781 1418 825 1446 is,
855 1415 908 1448 qui
931 1413 964 1441 de
991 1413 1095 1441 damno
1118 1413 1226 1443 infecto
1247 1424 1346 1445 cavere
1367 1419 1509 1447 noluerat.
1558 1419 1662 1455 Neque
1686 1420 1740 1448 hoc

233 1466 349 1499 solum,
384 1463 433 1492 sed
457 1462 531 1491 mihi
561 1462 730 1491 conceditur
758 1463 923 1492 Publiciana
954 1463 1058 1492 amissa
1082 1472 1176 1493 earum
1208 1466 1317 1495 aedium
1346 1470 1542 1504 possessione.
1589 1470 1745 1508 Quomodo

233 1515 411 1547 concilianda
432 1514 490 1543 duo
518 1513 567 1542 illa
595 1514 651 1542 sibi
675 1515 835 1550 contraria,
866 1523 909 1544 me
930 1524 988 1544 non
1010 1524 1098 1551 posse
1123 1524 1278 1553 usucapere
1301 1525 1329 1547 et
1349 1519 1542 1550 nihilominus
1568 1520 1669 1550 habere
1686 1521 1744 1550 Pu-

232 1566 406 1597 blicianam‘.²
443 1565 502 1594 Res
525 1565 678 1602 perspicua
698 1574 761 1603 est;
788 1566 918 1601 scilicet,
949 1575 1122 1603 quamquam
1146 1569 1227 1597 aedes
1256 1569 1320 1598 illas
1345 1571 1496 1608 vectigales
1520 1580 1676 1609 usucapere
1696 1580 1744 1602 ne-

218 1627 360 1656 .queam,
387 1624 510 1648 attamen
538 1626 659 1654 possum
680 1618 750 1646 mihi
769 1619 818 1656 jus
845 1617 875 1646 in
898 1618 979 1648 aedes
1001 1619 1064 1648 illas
1086 1620 1232 1655 acquirere
1254 1629 1304 1656 per
1321 1610 1561 1660 longi'temporis
1583 1623 1744 1659 Praescrip-

221 1671 360 1706 .ti0nem‚
387 1670 480 1700 idest
508 1670 603 1698 decem
625 1669 706 1699 annis
734 1669 810 1699 inter
830 1677 990 1706 praesentes
1020 1677 1048 1699 et
1069 1671 1172 1708 viginti
1200 1672 1272 1700 inter
1292 1672 1434 1703 absentes.
1475 1675 1541 1715 Jam
1560 1675 1640 1704 illins
1659 1674 1742 1703 Prae-

233 1722 399 1757 scriptionis
425 1721 454 1750 in
473 1721 640 1750 Publiciana
660 1721 732 1749 idem
755 1721 807 1750 erit
829 1720 966 1758 effectus,
988 1730 1019 1750 ac
1033 1722 1230 1759 Usucapitnis
1252 1725 1355 1762 (40);
1376 1725 1411 1754 ad
1436 1733 1480 1752 eas
1503 1731 1568 1758 res,
1591 1732 1662 1759 quae
1679 1725 1741 1754 lon-

235 1780 272 1810 go
297 1778 424 1808 tempore
438 1773 642 1809 acquiruntur,
664 1780 752 1808 aeque
766 1769 888 1808 pertinet
903 1773 1039 1804 Edictum
1052 1774 1192 1805 Prae-zeus
1203 1796 1213 1811 9
1236 1783 1321 1811 quam
1342 1775 1378 1804 ad
1392 1783 1438 1804 eas
1449 1795 1460 1812 ,
1478 1783 1550 1812 quae
1566 1775 1742 1813 usucapiun-

1622 1817 1660 1870 ’τ
1682 1833 1739 1868 tur.

262 1912 324 1940 (3⁹)
343 1911 408 1932 Clark
423 1910 484 1937 Amj:
499 1909 546 1932 lrl.
561 1910 597 1932 der
611 1910 676 1944 Papi·
692 1911 741 1932 nach
757 1910 813 1938 Helfi
825 1913 845 1933 11.
864 1913 886 1934 T.
909 1918 934 1939 p.
949 1918 998 1939 3⁵2.

217 1942 234 1947 Η
263 1950 326 1982 (4ο)
341 1951 414 1980 Casae.
429 1951 451 1974 ἰι
462 1954 539 1977 Parae.
555 1952 583 1974 ad
597 1953 620 1975 T.
637 1952 660 1975 C.
675 1952 698 1974 ia
710 1951 805 1977 francf.
818 1954 873 1982 longi
886 1959 947 1983 semp.
