<?xml version="1.0" encoding="UTF-8"?>
<!DOCTYPE html PUBLIC "-//W3C//DTD XHTML 1.0 Transitional//EN"
    "http://www.w3.org/TR/xhtml1/DTD/xhtml1-transitional.dtd">
<html xmlns="http://www.w3.org/1999/xhtml" xml:lang="en" lang="en">
 <head>
  <title>
</title>
<meta http-equiv="Content-Type" content="text/html;charset=utf-8" />
  <meta name='ocr-system' content='tesseract 3.04.00' />
  <meta name='ocr-capabilities' content='ocr_page ocr_carea ocr_par ocr_line ocrx_word'/>
</head>
<body>
  <div class='ocr_page' id='page_1' title='image "annalesacademiae16rijk_0443.png"; bbox 0 0 1940 2474; ppageno 0'>
   <div class='ocr_carea' id='block_1_1' title="bbox 0 1294 36 2474">
    <p class='ocr_par' dir='ltr' id='par_1_1' title="bbox 0 1294 36 2474">
     <span class='ocr_line' id='line_1_1' title="bbox 0 1294 36 2474; baseline 0 0"><span class='ocrx_word' id='word_1_1' title='bbox 0 1294 36 2474; x_wconf 95' lang='lat' dir='ltr'> </span> 
     </span>
    </p>
   </div>
   <div class='ocr_carea' id='block_1_2' title="bbox 357 170 1616 211">
    <p class='ocr_par' dir='ltr' id='par_1_2' title="bbox 357 170 1616 211">
     <span class='ocr_line' id='line_1_2' title="bbox 357 170 1616 211; baseline -0.002 -5"><span class='ocrx_word' id='word_1_2' title='bbox 357 172 926 206; x_wconf 15' lang='lat' dir='ltr'>VCOMMENTATIO</span> <span class='ocrx_word' id='word_1_3' title='bbox 983 171 1312 203; x_wconf 71' lang='lat' dir='ltr'><strong>CHEMICA.</strong></span> <span class='ocrx_word' id='word_1_4' title='bbox 1573 170 1616 211; x_wconf 69' lang='grc'>45</span> 
     </span>
    </p>
   </div>
   <div class='ocr_carea' id='block_1_3' title="bbox 107 257 1631 1066">
    <p class='ocr_par' dir='ltr' id='par_1_3' title="bbox 107 257 1631 1066">
     <span class='ocr_line' id='line_1_3' title="bbox 109 257 1621 303; baseline -0.004 -11"><span class='ocrx_word' id='word_1_5' title='bbox 109 264 250 303; x_wconf 79' lang='lat' dir='ltr'>gramina,</span> <span class='ocrx_word' id='word_1_6' title='bbox 271 264 350 298; x_wconf 58' lang='lat' dir='ltr'>quae*</span> <span class='ocrx_word' id='word_1_7' title='bbox 364 268 396 290; x_wconf 87' lang='lat' dir='ltr'>ut</span> <span class='ocrx_word' id='word_1_8' title='bbox 411 261 600 290; x_wconf 65' lang='lat' dir='ltr'>multitudine</span> <span class='ocrx_word' id='word_1_9' title='bbox 617 260 778 293; x_wconf 42' lang='lat' dir='ltr'>innumera</span> <span class='ocrx_word' id='word_1_10' title='bbox 802 257 842 286; x_wconf 85' lang='lat' dir='ltr'>sic</span> <span class='ocrx_word' id='word_1_11' title='bbox 865 261 902 286; x_wconf 51' lang='lat' dir='ltr'>et*</span> <span class='ocrx_word' id='word_1_12' title='bbox 916 258 1122 293; x_wconf 76' lang='lat' dir='ltr'>amplitudine,</span> <span class='ocrx_word' id='word_1_13' title='bbox 1139 264 1166 286; x_wconf 88' lang='lat' dir='ltr'>et</span> <span class='ocrx_word' id='word_1_14' title='bbox 1192 258 1345 286; x_wconf 75' lang='lat' dir='ltr'>altitudine</span> <span class='ocrx_word' id='word_1_15' title='bbox 1361 265 1474 287; x_wconf 72' lang='lat' dir='ltr'>nostras</span> <span class='ocrx_word' id='word_1_16' title='bbox 1503 258 1621 287; x_wconf 80' lang='lat' dir='ltr'>arbores</span> 
     </span>
     <span class='ocr_line' id='line_1_4' title="bbox 107 309 1619 351; baseline -0.005 -7"><span class='ocrx_word' id='word_1_17' title='bbox 107 321 259 351; x_wconf 67' lang='lat' dir='ltr'>superant:</span> <span class='ocrx_word' id='word_1_18' title='bbox 283 313 436 342; x_wconf 55' lang='lat' dir='ltr'>luciacus</span> <span class='ocrx_word' id='word_1_19' title='bbox 460 312 651 348; x_wconf 79' lang='lat' dir='ltr'>amplissimi,</span> <span class='ocrx_word' id='word_1_20' title='bbox 672 310 769 345; x_wconf 55' lang='lat' dir='ltr'>campi«</span> <span class='ocrx_word' id='word_1_21' title='bbox 786 309 920 346; x_wconf 79' lang='lat' dir='ltr'>graminei</span> <span class='ocrx_word' id='word_1_22' title='bbox 951 309 1097 343; x_wconf 73' lang='lat' dir='ltr'>immensi,</span> <span class='ocrx_word' id='word_1_23' title='bbox 1129 318 1204 344; x_wconf 73' lang='lat' dir='ltr'>quos</span> <span class='ocrx_word' id='word_1_24' title='bbox 1229 318 1374 345; x_wconf 80' lang='lat' dir='ltr'>penetrare</span> <span class='ocrx_word' id='word_1_25' title='bbox 1396 319 1430 338; x_wconf 78' lang='lat' dir='ltr'>nc</span> <span class='ocrx_word' id='word_1_26' title='bbox 1454 310 1528 338; x_wconf 81' lang='lat' dir='ltr'>valet</span> <span class='ocrx_word' id='word_1_27' title='bbox 1553 309 1619 344; x_wconf 91' lang='lat' dir='ltr'>qui-</span> 
     </span>
     <span class='ocr_line' id='line_1_5' title="bbox 107 360 1624 400; baseline -0.005 -5"><span class='ocrx_word' id='word_1_28' title='bbox 107 367 180 395; x_wconf 84' lang='lat' dir='ltr'>dem·</span> <span class='ocrx_word' id='word_1_29' title='bbox 197 364 403 400; x_wconf 82' lang='lat' dir='ltr'>cupidissimus</span> <span class='ocrx_word' id='word_1_30' title='bbox 427 363 573 392; x_wconf 71' lang='lat' dir='ltr'>itinerator</span> <span class='ocrx_word' id='word_1_31' title='bbox 594 370 622 392; x_wconf 83' lang='lat' dir='ltr'>et</span> <span class='ocrx_word' id='word_1_32' title='bbox 649 361 821 390; x_wconf 80' lang='lat' dir='ltr'>indefessus.</span> <span class='ocrx_word' id='word_1_33' title='bbox 863 361 918 389; x_wconf 91' lang='lat' dir='ltr'>Hic</span> <span class='ocrx_word' id='word_1_34' title='bbox 944 362 1097 389; x_wconf 78' lang='lat' dir='ltr'>decurrunt</span> <span class='ocrx_word' id='word_1_35' title='bbox 1118 360 1272 396; x_wconf 73' lang='lat' dir='ltr'>Atabap0‚</span> <span class='ocrx_word' id='word_1_36' title='bbox 1300 361 1383 397; x_wconf 77' lang='lat' dir='ltr'>cujus</span> <span class='ocrx_word' id='word_1_37' title='bbox 1417 361 1492 397; x_wconf 84' lang='lat' dir='ltr'>ripas</span> <span class='ocrx_word' id='word_1_38' title='bbox 1518 367 1624 389; x_wconf 75' lang='lat' dir='ltr'>ornant</span> 
     </span>
     <span class='ocr_line' id='line_1_6' title="bbox 109 411 1629 454; baseline -0.004 -9"><span class='ocrx_word' id='word_1_39' title='bbox 109 417 244 454; x_wconf 85' lang='lat' dir='ltr'><strong>pulchrae</strong></span> <span class='ocrx_word' id='word_1_40' title='bbox 263 414 630 452; x_wconf 70' lang='lat' dir='ltr'>Melastomae,&#39;p1·aec1are</span> <span class='ocrx_word' id='word_1_41' title='bbox 657 414 692 454; x_wconf 77' lang='lat' dir='ltr'>ab</span> <span class='ocrx_word' id='word_1_42' title='bbox 716 412 897 442; x_wconf 63' lang='lat' dir='ltr'>Hamlroldtio</span> <span class='ocrx_word' id='word_1_43' title='bbox 920 412 1095 448; x_wconf 83' lang='lat' dir='ltr'>descriptae:</span> <span class='ocrx_word' id='word_1_44' title='bbox 1120 411 1165 439; x_wconf 90' lang='lat' dir='ltr'>hic</span> <span class='ocrx_word' id='word_1_45' title='bbox 1185 412 1280 439; x_wconf 85' lang='lat' dir='ltr'>fluunt</span> <span class='ocrx_word' id='word_1_46' title='bbox 1301 411 1404 447; x_wconf 82' lang='lat' dir='ltr'>Temi,</span> <span class='ocrx_word' id='word_1_47' title='bbox 1427 412 1562 440; x_wconf 84' lang='lat' dir='ltr'>Tuamini</span> <span class='ocrx_word' id='word_1_48' title='bbox 1586 417 1629 439; x_wconf 33' lang='lat' dir='ltr'>eti</span> 
     </span>
     <span class='ocr_line' id='line_1_7' title="bbox 110 462 1619 502; baseline -0.004 -5"><span class='ocrx_word' id='word_1_49' title='bbox 110 467 251 502; x_wconf 80' lang='lat' dir='ltr'>Guainia‚</span> <span class='ocrx_word' id='word_1_50' title='bbox 274 473 397 502; x_wconf 75' lang='lat' dir='ltr'>quorum</span> <span class='ocrx_word' id='word_1_51' title='bbox 422 474 496 501; x_wconf 86' lang='lat' dir='ltr'>aqua</span> <span class='ocrx_word' id='word_1_52' title='bbox 518 466 625 494; x_wconf 89' lang='lat' dir='ltr'>coloris</span> <span class='ocrx_word' id='word_1_53' title='bbox 647 472 690 493; x_wconf 78' lang='lat' dir='ltr'>est</span> <span class='ocrx_word' id='word_1_54' title='bbox 713 464 805 499; x_wconf 76' lang='lat' dir='ltr'>fusci,</span> <span class='ocrx_word' id='word_1_55' title='bbox 835 463 1072 498; x_wconf 62' lang='lat' dir='ltr'>calleo-brunei,</span> <span class='ocrx_word' id='word_1_56' title='bbox 1102 463 1151 498; x_wconf 82' lang='lat' dir='ltr'>qui</span> <span class='ocrx_word' id='word_1_57' title='bbox 1181 471 1240 491; x_wconf 88' lang='lat' dir='ltr'>non</span> <span class='ocrx_word' id='word_1_58' title='bbox 1270 472 1302 491; x_wconf 89' lang='lat' dir='ltr'>ex</span> <span class='ocrx_word' id='word_1_59' title='bbox 1333 463 1396 492; x_wconf 89' lang='lat' dir='ltr'>aliis</span> <span class='ocrx_word' id='word_1_60' title='bbox 1424 463 1519 492; x_wconf 88' lang='lat' dir='ltr'>causis</span> <span class='ocrx_word' id='word_1_61' title='bbox 1546 462 1619 491; x_wconf 85' lang='lat' dir='ltr'>deri-</span> 
     </span>
     <span class='ocr_line' id='line_1_8' title="bbox 108 514 1631 552; baseline -0.004 -4"><span class='ocrx_word' id='word_1_62' title='bbox 108 520 219 548; x_wconf 79' lang='lat' dir='ltr'>vandus</span> <span class='ocrx_word' id='word_1_63' title='bbox 239 524 297 552; x_wconf 82' lang='lat' dir='ltr'>est,</span> <span class='ocrx_word' id='word_1_64' title='bbox 320 525 404 552; x_wconf 87' lang='lat' dir='ltr'>quam</span> <span class='ocrx_word' id='word_1_65' title='bbox 422 525 456 545; x_wconf 89' lang='lat' dir='ltr'>ex</span> <span class='ocrx_word' id='word_1_66' title='bbox 475 516 623 552; x_wconf 84' lang='lat' dir='ltr'>particulis</span> <span class='ocrx_word' id='word_1_67' title='bbox 640 515 821 546; x_wconf 76' lang='lat' dir='ltr'>carbonaccis</span> <span class='ocrx_word' id='word_1_68' title='bbox 840 524 874 544; x_wconf 80' lang='lat' dir='ltr'>cx</span> <span class='ocrx_word' id='word_1_69' title='bbox 893 514 1041 543; x_wconf 79' lang='lat' dir='ltr'>luxuriosa</span> <span class='ocrx_word' id='word_1_70' title='bbox 1063 514 1239 550; x_wconf 80' lang='lat' dir='ltr'>vegetatione</span> <span class='ocrx_word' id='word_1_71' title='bbox 1255 514 1394 550; x_wconf 80' lang='lat' dir='ltr'>profectis</span> <span class='ocrx_word' id='word_1_72' title='bbox 1410 522 1437 543; x_wconf 86' lang='lat' dir='ltr'>et</span> <span class='ocrx_word' id='word_1_73' title='bbox 1462 514 1566 543; x_wconf 84' lang='lat' dir='ltr'>allatis.</span> <span class='ocrx_word' id='word_1_74' title='bbox 1585 524 1631 536; x_wconf 87' lang='lat'>-—·</span> 
     </span>
     <span class='ocr_line' id='line_1_9' title="bbox 109 565 1623 607; baseline -0.003 -8"><span class='ocrx_word' id='word_1_75' title='bbox 109 571 204 607; x_wconf 89' lang='lat' dir='ltr'>Cujus</span> <span class='ocrx_word' id='word_1_76' title='bbox 224 570 383 605; x_wconf 86' lang='lat' dir='ltr'>plantarum</span> <span class='ocrx_word' id='word_1_77' title='bbox 415 567 568 598; x_wconf 76' lang='lat' dir='ltr'>fertilitatis</span> <span class='ocrx_word' id='word_1_78' title='bbox 596 576 631 596; x_wconf 81' lang='lat' dir='ltr'>ne</span> <span class='ocrx_word' id='word_1_79' title='bbox 661 568 749 595; x_wconf 65' lang='lat' dir='ltr'>lenm</span> <span class='ocrx_word' id='word_1_80' title='bbox 779 567 905 601; x_wconf 66' lang='lat' dir='ltr'>quidem‘</span> <span class='ocrx_word' id='word_1_81' title='bbox 921 575 1074 602; x_wconf 79' lang='lat' dir='ltr'>possemus</span> <span class='ocrx_word' id='word_1_82' title='bbox 1095 565 1219 594; x_wconf 76' lang='lat' dir='ltr'>formare</span> <span class='ocrx_word' id='word_1_83' title='bbox 1243 565 1352 601; x_wconf 80' lang='lat' dir='ltr'>ideam,</span> <span class='ocrx_word' id='word_1_84' title='bbox 1381 566 1438 594; x_wconf 86' lang='lat' dir='ltr'>nisi</span> <span class='ocrx_word' id='word_1_85' title='bbox 1463 565 1623 602; x_wconf 86' lang='lat' dir='ltr'>purissimo</span> 
     </span>
     <span class='ocr_line' id='line_1_10' title="bbox 111 611 1622 658; baseline -0.003 -9"><span class='ocrx_word' id='word_1_86' title='bbox 111 621 226 658; x_wconf 82' lang='lat' dir='ltr'>pulchri</span> <span class='ocrx_word' id='word_1_87' title='bbox 239 627 277 648; x_wconf 79' lang='lat' dir='ltr'>-et</span> <span class='ocrx_word' id='word_1_88' title='bbox 296 620 356 648; x_wconf 79' lang='lat' dir='ltr'>veri</span> <span class='ocrx_word' id='word_1_89' title='bbox 375 628 461 648; x_wconf 84' lang='lat' dir='ltr'>sensu</span> <span class='ocrx_word' id='word_1_90' title='bbox 480 620 583 654; x_wconf 87' lang='lat' dir='ltr'>ducta,</span> <span class='ocrx_word' id='word_1_91' title='bbox 605 626 632 647; x_wconf 84' lang='lat' dir='ltr'>et</span> <span class='ocrx_word' id='word_1_92' title='bbox 655 611 732 646; x_wconf 80' lang='lat' dir='ltr'>tanta</span> <span class='ocrx_word' id='word_1_93' title='bbox 749 628 777 646; x_wconf 78' lang='lat' dir='ltr'>re</span> <span class='ocrx_word' id='word_1_94' title='bbox 800 619 905 655; x_wconf 82' lang='lat' dir='ltr'>digna,</span> <span class='ocrx_word' id='word_1_95' title='bbox 933 617 1039 646; x_wconf 84' lang='lat' dir='ltr'>summi</span> <span class='ocrx_word' id='word_1_96' title='bbox 1062 617 1241 645; x_wconf 67' lang='lat' dir='ltr'>Humboldn&#39;i</span> <span class='ocrx_word' id='word_1_97' title='bbox 1264 618 1427 652; x_wconf 68' lang='lat' dir='ltr'>eloquentia</span> <span class='ocrx_word' id='word_1_98' title='bbox 1444 617 1519 645; x_wconf 88' lang='lat' dir='ltr'>vivis</span> <span class='ocrx_word' id='word_1_99' title='bbox 1543 618 1622 645; x_wconf 87' lang='lat' dir='ltr'>colo-</span> 
     </span>
     <span class='ocr_line' id='line_1_11' title="bbox 108 666 1623 708; baseline -0.004 -7"><span class='ocrx_word' id='word_1_100' title='bbox 108 673 188 701; x_wconf 84' lang='lat' dir='ltr'>ribus</span> <span class='ocrx_word' id='word_1_101' title='bbox 208 671 384 708; x_wconf 86' lang='lat' dir='ltr'>depinxisset</span> <span class='ocrx_word' id='word_1_102' title='bbox 405 671 586 705; x_wconf 83' lang='lat' dir='ltr'>Americam‚</span> <span class='ocrx_word' id='word_1_103' title='bbox 618 666 647 698; x_wconf 69' lang='lat' dir='ltr'>ih</span> <span class='ocrx_word' id='word_1_104' title='bbox 672 670 807 706; x_wconf 74' lang='lat' dir='ltr'>operibus</span> <span class='ocrx_word' id='word_1_105' title='bbox 827 669 946 702; x_wconf 78' lang='lat' dir='ltr'>Plantes</span> <span class='ocrx_word' id='word_1_106' title='bbox 974 669 1185 707; x_wconf 64' lang='lat' dir='ltr'>Eqainoxiales</span> <span class='ocrx_word' id='word_1_107' title='bbox 1215 668 1374 696; x_wconf 68' lang='lat' dir='ltr'>rccueillses</span> <span class='ocrx_word' id='word_1_108' title='bbox 1403 679 1442 697; x_wconf 71' lang='lat' dir='ltr'>aa</span> <span class='ocrx_word' id='word_1_109' title='bbox 1465 669 1623 706; x_wconf 47' lang='lat' dir='ltr'>Maxima,</span> 
     </span>
     <span class='ocr_line' id='line_1_12' title="bbox 111 719 1624 758; baseline -0.004 -6"><span class='ocrx_word' id='word_1_110' title='bbox 111 723 200 752; x_wconf 93' lang='lat' dir='ltr'>Tom.</span> <span class='ocrx_word' id='word_1_111' title='bbox 216 723 230 750; x_wconf 90' lang='lat'>1</span> <span class='ocrx_word' id='word_1_112' title='bbox 250 729 277 750; x_wconf 87' lang='lat' dir='ltr'>et</span> <span class='ocrx_word' id='word_1_113' title='bbox 292 722 328 750; x_wconf 85' lang='lat'>11.</span> <span class='ocrx_word' id='word_1_114' title='bbox 357 722 435 750; x_wconf 85' lang='lat' dir='ltr'>Paris</span> <span class='ocrx_word' id='word_1_115' title='bbox 461 724 531 751; x_wconf 83' lang='lat'><em>1808</em></span> <span class='ocrx_word' id='word_1_116' title='bbox 555 730 582 750; x_wconf 92' lang='lat' dir='ltr'>et</span> <span class='ocrx_word' id='word_1_117' title='bbox 605 723 687 757; x_wconf 86' lang='lat'>1809.</span> <span class='ocrx_word' id='word_1_118' title='bbox 728 721 939 758; x_wconf 69' lang='lat' dir='ltr'>Illonographie</span> <span class='ocrx_word' id='word_1_119' title='bbox 958 721 1004 749; x_wconf 80' lang='lat' dir='ltr'>des</span> <span class='ocrx_word' id='word_1_120' title='bbox 1024 720 1218 748; x_wconf 66' lang='lat' dir='ltr'>Malastomes.</span> <span class='ocrx_word' id='word_1_121' title='bbox 1247 736 1287 741; x_wconf 85' lang='lat'>-—</span> <span class='ocrx_word' id='word_1_122' title='bbox 1314 719 1403 747; x_wconf 79' lang='lat' dir='ltr'>Essai</span> <span class='ocrx_word' id='word_1_123' title='bbox 1421 729 1473 748; x_wconf 72' lang='lat' dir='ltr'>sur</span> <span class='ocrx_word' id='word_1_124' title='bbox 1494 720 1525 748; x_wconf 76' lang='lat' dir='ltr'>la</span> <span class='ocrx_word' id='word_1_125' title='bbox 1551 719 1624 748; x_wconf 84' lang='lat' dir='ltr'>Geo-</span> 
     </span>
     <span class='ocr_line' id='line_1_13' title="bbox 108 770 1626 812; baseline -0.003 -10"><span class='ocrx_word' id='word_1_126' title='bbox 108 775 234 812; x_wconf 77' lang='lat' dir='ltr'>grapln&#39;e</span> <span class='ocrx_word' id='word_1_127' title='bbox 261 773 308 801; x_wconf 78' lang='lat' dir='ltr'>des</span> <span class='ocrx_word' id='word_1_128' title='bbox 330 771 448 800; x_wconf 77' lang='lat' dir='ltr'>Plantes</span> <span class='ocrx_word' id='word_1_129' title='bbox 479 773 537 808; x_wconf 80' lang='lat' dir='ltr'>(de</span> <span class='ocrx_word' id='word_1_130' title='bbox 561 781 617 807; x_wconf 88' lang='lat' dir='ltr'>qua</span> <span class='ocrx_word' id='word_1_131' title='bbox 641 773 754 801; x_wconf 82' lang='lat' dir='ltr'>materie</span> <span class='ocrx_word' id='word_1_132' title='bbox 780 772 828 800; x_wconf 86' lang='lat' dir='ltr'>vix</span> <span class='ocrx_word' id='word_1_133' title='bbox 858 779 921 800; x_wconf 78' lang='lat' dir='ltr'>ante</span> <span class='ocrx_word' id='word_1_134' title='bbox 943 772 1146 800; x_wconf 68' lang='lat' dir='ltr'>Humboldmn</span> <span class='ocrx_word' id='word_1_135' title='bbox 1163 770 1300 806; x_wconf 80' lang='lat' dir='ltr'>fuerunt,</span> <span class='ocrx_word' id='word_1_136' title='bbox 1323 771 1375 806; x_wconf 88' lang='lat' dir='ltr'>qui</span> <span class='ocrx_word' id='word_1_137' title='bbox 1392 770 1626 807; x_wconf 77' lang='lat' dir='ltr'>cogitaverint‚)</span> 
     </span>
     <span class='ocr_line' id='line_1_14' title="bbox 111 820 1628 858; baseline -0.003 -5"><span class='ocrx_word' id='word_1_138' title='bbox 111 831 138 853; x_wconf 79' lang='lat' dir='ltr'>et</span> <span class='ocrx_word' id='word_1_139' title='bbox 160 824 307 852; x_wconf 75' lang='lat' dir='ltr'>Tableaux</span> <span class='ocrx_word' id='word_1_140' title='bbox 333 823 367 852; x_wconf 76' lang='lat' dir='ltr'>de</span> <span class='ocrx_word' id='word_1_141' title='bbox 394 823 424 851; x_wconf 80' lang='lat' dir='ltr'>la</span> <span class='ocrx_word' id='word_1_142' title='bbox 453 823 593 858; x_wconf 78' lang='lat' dir='ltr'>Nature,</span> <span class='ocrx_word' id='word_1_143' title='bbox 619 833 654 852; x_wconf 67' lang='lat' dir='ltr'>oct</span> <span class='ocrx_word' id='word_1_144' title='bbox 675 823 902 854; x_wconf 64' lang='lat' dir='ltr'>constde‘rasions</span> <span class='ocrx_word' id='word_1_145' title='bbox 928 832 982 852; x_wconf 79' lang='lat' dir='ltr'>sur</span> <span class='ocrx_word' id='word_1_146' title='bbox 1006 823 1044 851; x_wconf 82' lang='lat' dir='ltr'>les</span> <span class='ocrx_word' id='word_1_147' title='bbox 1072 823 1199 856; x_wconf 54' lang='lat' dir='ltr'>dact-ts,</span> <span class='ocrx_word' id='word_1_148' title='bbox 1229 831 1282 851; x_wconf 73' lang='lat' dir='ltr'>sur</span> <span class='ocrx_word' id='word_1_149' title='bbox 1302 822 1334 849; x_wconf 81' lang='lat' dir='ltr'>la</span> <span class='ocrx_word' id='word_1_150' title='bbox 1360 822 1557 858; x_wconf 80' lang='lat' dir='ltr'>Physionomie</span> <span class='ocrx_word' id='word_1_151' title='bbox 1578 820 1628 849; x_wconf 79' lang='lat' dir='ltr'>des</span> 
     </span>
     <span class='ocr_line' id='line_1_15' title="bbox 110 872 1628 913; baseline -0.002 -10"><span class='ocrx_word' id='word_1_152' title='bbox 110 882 271 913; x_wconf 61' lang='lat' dir='ltr'>vegetata,</span> <span class='ocrx_word' id='word_1_153' title='bbox 293 881 320 903; x_wconf 80' lang='lat' dir='ltr'>et</span> <span class='ocrx_word' id='word_1_154' title='bbox 340 883 392 903; x_wconf 82' lang='lat' dir='ltr'>sur</span> <span class='ocrx_word' id='word_1_155' title='bbox 412 875 451 902; x_wconf 76' lang='lat' dir='ltr'>les</span> <span class='ocrx_word' id='word_1_156' title='bbox 472 874 644 903; x_wconf 80' lang='lat' dir='ltr'>Cataractes</span> <span class='ocrx_word' id='word_1_157' title='bbox 665 875 698 903; x_wconf 77' lang='lat' dir='ltr'>de</span> <span class='ocrx_word' id='word_1_158' title='bbox 719 875 912 912; x_wconf 74' lang='lat' dir='ltr'>l&#39;Orcnoque,</span> <span class='ocrx_word' id='word_1_159' title='bbox 941 874 1070 902; x_wconf 74' lang='lat' dir='ltr'>traduits</span> <span class='ocrx_word' id='word_1_160' title='bbox 1097 873 1132 902; x_wconf 75' lang='lat' dir='ltr'>de</span> <span class='ocrx_word' id='word_1_161' title='bbox 1153 873 1336 902; x_wconf 79' lang='lat' dir='ltr'>l&#39;Allemand</span> <span class='ocrx_word' id='word_1_162' title='bbox 1358 881 1419 911; x_wconf 76' lang='lat' dir='ltr'>par</span> <span class='ocrx_word' id='word_1_163' title='bbox 1446 872 1564 909; x_wconf 80' lang='lat' dir='ltr'>Eyries.</span> <span class='ocrx_word' id='word_1_164' title='bbox 1587 886 1628 896; x_wconf 77' lang='lat'>—-</span> 
     </span>
     <span class='ocr_line' id='line_1_16' title="bbox 111 922 1630 963; baseline -0.003 -7"><span class='ocrx_word' id='word_1_165' title='bbox 111 926 284 963; x_wconf 83' lang='lat' dir='ltr'>Cogitemus</span> <span class='ocrx_word' id='word_1_166' title='bbox 305 925 444 961; x_wconf 79' lang='lat' dir='ltr'>denique,</span> <span class='ocrx_word' id='word_1_167' title='bbox 465 926 577 954; x_wconf 89' lang='lat' dir='ltr'>nullum</span> <span class='ocrx_word' id='word_1_168' title='bbox 599 935 661 954; x_wconf 87' lang='lat' dir='ltr'>esse</span> <span class='ocrx_word' id='word_1_169' title='bbox 681 927 794 955; x_wconf 84' lang='lat' dir='ltr'>telluris</span> <span class='ocrx_word' id='word_1_170' title='bbox 807 933 921 955; x_wconf 86' lang='lat' dir='ltr'>nostrae</span> <span class='ocrx_word' id='word_1_171' title='bbox 941 927 1098 962; x_wconf 81' lang='lat' dir='ltr'>angulum,</span> <span class='ocrx_word' id='word_1_172' title='bbox 1127 926 1220 953; x_wconf 82' lang='lat' dir='ltr'>calore</span> <span class='ocrx_word' id='word_1_173' title='bbox 1241 932 1289 953; x_wconf 88' lang='lat' dir='ltr'>aut</span> <span class='ocrx_word' id='word_1_174' title='bbox 1306 924 1413 961; x_wconf 84' lang='lat' dir='ltr'>frigore</span> <span class='ocrx_word' id='word_1_175' title='bbox 1436 931 1552 959; x_wconf 79' lang='lat' dir='ltr'>ustum,</span> <span class='ocrx_word' id='word_1_176' title='bbox 1574 922 1630 958; x_wconf 77' lang='lat' dir='ltr'>qui</span> 
     </span>
     <span class='ocr_line' id='line_1_17' title="bbox 110 976 1626 1016; baseline -0.002 -10"><span class='ocrx_word' id='word_1_177' title='bbox 110 986 171 1007; x_wconf 83' lang='lat' dir='ltr'>non</span> <span class='ocrx_word' id='word_1_178' title='bbox 191 986 259 1006; x_wconf 88' lang='lat' dir='ltr'>suas</span> <span class='ocrx_word' id='word_1_179' title='bbox 280 977 334 1006; x_wconf 88' lang='lat' dir='ltr'>alat</span> <span class='ocrx_word' id='word_1_180' title='bbox 354 977 485 1011; x_wconf 86' lang='lat' dir='ltr'>incolas,</span> <span class='ocrx_word' id='word_1_181' title='bbox 513 977 617 1006; x_wconf 79' lang='lat' dir='ltr'>diversi</span> <span class='ocrx_word' id='word_1_182' title='bbox 641 977 757 1007; x_wconf 90' lang='lat' dir='ltr'>habitus</span> <span class='ocrx_word' id='word_1_183' title='bbox 774 986 800 1006; x_wconf 90' lang='lat' dir='ltr'>et</span> <span class='ocrx_word' id='word_1_184' title='bbox 824 977 1042 1016; x_wconf 81' lang='lat' dir='ltr'>magnitudinis.</span> <span class='ocrx_word' id='word_1_185' title='bbox 1085 977 1178 1015; x_wconf 86' lang='lat' dir='ltr'>Quam</span> <span class='ocrx_word' id='word_1_186' title='bbox 1202 977 1257 1005; x_wconf 85' lang='lat' dir='ltr'>late</span> <span class='ocrx_word' id='word_1_187' title='bbox 1282 976 1380 1013; x_wconf 85' lang='lat' dir='ltr'>itaque</span> <span class='ocrx_word' id='word_1_188' title='bbox 1402 982 1481 1012; x_wconf 85' lang='lat' dir='ltr'>patet</span> <span class='ocrx_word' id='word_1_189' title='bbox 1504 982 1626 1012; x_wconf 79' lang='lat' dir='ltr'>regnum</span> 
     </span>
     <span class='ocr_line' id='line_1_18' title="bbox 111 1027 858 1066; baseline 0 -8"><span class='ocrx_word' id='word_1_190' title='bbox 111 1029 287 1066; x_wconf 81' lang='lat' dir='ltr'>vegetabile,</span> <span class='ocrx_word' id='word_1_191' title='bbox 308 1034 365 1058; x_wconf 85' lang='lat' dir='ltr'>tam</span> <span class='ocrx_word' id='word_1_192' title='bbox 387 1029 442 1058; x_wconf 83' lang='lat' dir='ltr'>late</span> <span class='ocrx_word' id='word_1_193' title='bbox 459 1027 527 1058; x_wconf 86' lang='lat' dir='ltr'>fons</span> <span class='ocrx_word' id='word_1_194' title='bbox 549 1037 601 1066; x_wconf 84' lang='lat' dir='ltr'>gaz</span> <span class='ocrx_word' id='word_1_195' title='bbox 623 1029 758 1066; x_wconf 82' lang='lat' dir='ltr'>oxygenii</span> <span class='ocrx_word' id='word_1_196' title='bbox 782 1030 858 1058; x_wconf 84' lang='lat' dir='ltr'>fluit.</span> 
     </span>
    </p>
   </div>
   <div class='ocr_carea' id='block_1_4' title="bbox 804 1108 927 1143">
    <p class='ocr_par' dir='ltr' id='par_1_4' title="bbox 804 1108 927 1143">
     <span class='ocr_line' id='line_1_19' title="bbox 804 1108 927 1143; baseline -0.016 -8"><span class='ocrx_word' id='word_1_197' title='bbox 804 1108 833 1143; x_wconf 86' lang='lat'>§-</span> <span class='ocrx_word' id='word_1_198' title='bbox 874 1108 927 1142; x_wconf 80' lang='lat'>46.</span> 
     </span>
    </p>
   </div>
   <div class='ocr_carea' id='block_1_5' title="bbox 107 1181 1627 1982">
    <p class='ocr_par' dir='ltr' id='par_1_5' title="bbox 109 1181 1624 1321">
     <span class='ocr_line' id='line_1_20' title="bbox 147 1181 1620 1220; baseline -0.002 -9"><span class='ocrx_word' id='word_1_199' title='bbox 147 1181 192 1212; x_wconf 86' lang='lat' dir='ltr'>Ut</span> <span class='ocrx_word' id='word_1_200' title='bbox 211 1188 305 1212; x_wconf 86' lang='lat' dir='ltr'>autem</span> <span class='ocrx_word' id='word_1_201' title='bbox 324 1183 398 1212; x_wconf 84' lang='lat' dir='ltr'>inter</span> <span class='ocrx_word' id='word_1_202' title='bbox 419 1191 450 1213; x_wconf 84' lang='lat' dir='ltr'>se</span> <span class='ocrx_word' id='word_1_203' title='bbox 472 1182 648 1213; x_wconf 88' lang='lat' dir='ltr'>conveniunt</span> <span class='ocrx_word' id='word_1_204' title='bbox 658 1183 795 1220; x_wconf 75' lang='lat' dir='ltr'>physici,</span> <span class='ocrx_word' id='word_1_205' title='bbox 817 1184 928 1219; x_wconf 82' lang='lat' dir='ltr'>plantas</span> <span class='ocrx_word' id='word_1_206' title='bbox 944 1183 1049 1212; x_wconf 82' lang='lat' dir='ltr'>multas</span> <span class='ocrx_word' id='word_1_207' title='bbox 1065 1189 1159 1219; x_wconf 85' lang='lat' dir='ltr'>partes</span> <span class='ocrx_word' id='word_1_208' title='bbox 1176 1181 1307 1212; x_wconf 70' lang='lat' dir='ltr'>coni&#39;erre</span> <span class='ocrx_word' id='word_1_209' title='bbox 1328 1181 1448 1211; x_wconf 83' lang='lat' dir='ltr'>creando</span> <span class='ocrx_word' id='word_1_210' title='bbox 1475 1188 1527 1217; x_wconf 82' lang='lat' dir='ltr'>gaz</span> <span class='ocrx_word' id='word_1_211' title='bbox 1550 1187 1620 1216; x_wconf 83' lang='lat' dir='ltr'>oxy-</span> 
     </span>
     <span class='ocr_line' id='line_1_21' title="bbox 110 1231 1624 1271; baseline -0.002 -9"><span class='ocrx_word' id='word_1_212' title='bbox 110 1235 244 1271; x_wconf 85' lang='lat' dir='ltr'>genium‚</span> <span class='ocrx_word' id='word_1_213' title='bbox 266 1235 304 1263; x_wconf 91' lang='lat' dir='ltr'>ita</span> <span class='ocrx_word' id='word_1_214' title='bbox 317 1235 387 1263; x_wconf 87' lang='lat' dir='ltr'>satis</span> <span class='ocrx_word' id='word_1_215' title='bbox 405 1235 478 1264; x_wconf 86' lang='lat' dir='ltr'>inter</span> <span class='ocrx_word' id='word_1_216' title='bbox 497 1244 528 1263; x_wconf 81' lang='lat' dir='ltr'>se</span> <span class='ocrx_word' id='word_1_217' title='bbox 542 1236 737 1271; x_wconf 78' lang='lat' dir='ltr'>conveniunt,</span> <span class='ocrx_word' id='word_1_218' title='bbox 750 1236 841 1264; x_wconf 71' lang='lat' dir='ltr'>hunc</span> <span class='ocrx_word' id='word_1_219' title='bbox 863 1240 1002 1264; x_wconf 83' lang='lat' dir='ltr'>non&#39;esse</span> <span class='ocrx_word' id='word_1_220' title='bbox 1021 1234 1132 1263; x_wconf 87' lang='lat' dir='ltr'>fontem</span> <span class='ocrx_word' id='word_1_221' title='bbox 1157 1235 1296 1269; x_wconf 80' lang='lat' dir='ltr'>unicum,</span> <span class='ocrx_word' id='word_1_222' title='bbox 1319 1234 1368 1262; x_wconf 89' lang='lat' dir='ltr'>sed</span> <span class='ocrx_word' id='word_1_223' title='bbox 1387 1232 1457 1261; x_wconf 85' lang='lat' dir='ltr'>alios</span> <span class='ocrx_word' id='word_1_224' title='bbox 1490 1239 1552 1260; x_wconf 89' lang='lat' dir='ltr'>esse</span> <span class='ocrx_word' id='word_1_225' title='bbox 1576 1231 1624 1259; x_wconf 77' lang='lat' dir='ltr'>de-</span> 
     </span>
     <span class='ocr_line' id='line_1_22' title="bbox 109 1285 516 1321; baseline 0.002 -8"><span class='ocrx_word' id='word_1_226' title='bbox 109 1285 173 1314; x_wconf 88' lang='lat' dir='ltr'>bere</span> <span class='ocrx_word' id='word_1_227' title='bbox 192 1286 249 1314; x_wconf 88' lang='lat' dir='ltr'>huc</span> <span class='ocrx_word' id='word_1_228' title='bbox 271 1295 363 1321; x_wconf 80' lang='lat' dir='ltr'>usque</span> <span class='ocrx_word' id='word_1_229' title='bbox 384 1287 516 1314; x_wconf 87' lang='lat' dir='ltr'>latentes.</span> 
     </span>
    </p>

    <p class='ocr_par' dir='ltr' id='par_1_6' title="bbox 107 1334 1624 1518">
     <span class='ocr_line' id='line_1_23' title="bbox 146 1334 1621 1373; baseline -0.002 -9"><span class='ocrx_word' id='word_1_230' title='bbox 146 1336 180 1364; x_wconf 91' lang='lat' dir='ltr'>In</span> <span class='ocrx_word' id='word_1_231' title='bbox 204 1345 279 1371; x_wconf 90' lang='lat' dir='ltr'>quos</span> <span class='ocrx_word' id='word_1_232' title='bbox 295 1345 361 1365; x_wconf 87' lang='lat' dir='ltr'>cum</span> <span class='ocrx_word' id='word_1_233' title='bbox 384 1343 505 1365; x_wconf 78' lang='lat' dir='ltr'>mentem</span> <span class='ocrx_word' id='word_1_234' title='bbox 524 1336 692 1373; x_wconf 59' lang='lat' dir='ltr'>deliga-em,</span> <span class='ocrx_word' id='word_1_235' title='bbox 715 1345 760 1365; x_wconf 87' lang='lat' dir='ltr'>me</span> <span class='ocrx_word' id='word_1_236' title='bbox 778 1337 834 1366; x_wconf 86' lang='lat' dir='ltr'>ho&#39;s</span> <span class='ocrx_word' id='word_1_237' title='bbox 849 1336 1033 1366; x_wconf 83' lang='lat' dir='ltr'>inventurum</span> <span class='ocrx_word' id='word_1_238' title='bbox 1051 1346 1167 1373; x_wconf 81' lang='lat' dir='ltr'>sperans</span> <span class='ocrx_word' id='word_1_239' title='bbox 1193 1337 1301 1365; x_wconf 87' lang='lat' dir='ltr'>multos</span> <span class='ocrx_word' id='word_1_240' title='bbox 1325 1335 1415 1363; x_wconf 87' lang='lat' dir='ltr'>libros</span> <span class='ocrx_word' id='word_1_241' title='bbox 1433 1334 1562 1365; x_wconf 82' lang='lat' dir='ltr'>revolvi:</span> <span class='ocrx_word' id='word_1_242' title='bbox 1591 1339 1621 1362; x_wconf 83' lang='lat' dir='ltr'>at</span> 
     </span>
     <span class='ocr_line' id='line_1_24' title="bbox 108 1384 1624 1426; baseline -0.002 -11"><span class='ocrx_word' id='word_1_243' title='bbox 108 1395 176 1423; x_wconf 83' lang='lat' dir='ltr'>spes</span> <span class='ocrx_word' id='word_1_244' title='bbox 197 1395 242 1415; x_wconf 86' lang='lat' dir='ltr'>me</span> <span class='ocrx_word' id='word_1_245' title='bbox 269 1386 390 1423; x_wconf 75' lang='lat' dir='ltr'>fefellit3</span> <span class='ocrx_word' id='word_1_246' title='bbox 421 1387 452 1416; x_wconf 84' lang='lat' dir='ltr'>in</span> <span class='ocrx_word' id='word_1_247' title='bbox 475 1387 519 1415; x_wconf 89' lang='lat' dir='ltr'>his</span> <span class='ocrx_word' id='word_1_248' title='bbox 544 1387 617 1416; x_wconf 85' lang='lat' dir='ltr'>nihil</span> <span class='ocrx_word' id='word_1_249' title='bbox 643 1388 758 1423; x_wconf 80' lang='lat' dir='ltr'>inveni,</span> <span class='ocrx_word' id='word_1_250' title='bbox 787 1389 861 1417; x_wconf 86' lang='lat' dir='ltr'>unde</span> <span class='ocrx_word' id='word_1_251' title='bbox 884 1389 935 1417; x_wconf 82' lang='lat' dir='ltr'>lux</span> <span class='ocrx_word' id='word_1_252' title='bbox 966 1389 1136 1426; x_wconf 82' lang='lat' dir='ltr'>affulgebat:</span> <span class='ocrx_word' id='word_1_253' title='bbox 1167 1388 1278 1416; x_wconf 70' lang='lat' dir='ltr'>tandem</span> <span class='ocrx_word' id='word_1_254' title='bbox 1305 1387 1382 1422; x_wconf 82' lang='lat' dir='ltr'>apud</span> <span class='ocrx_word' id='word_1_255' title='bbox 1406 1386 1567 1414; x_wconf 84' lang='lat' dir='ltr'>Germanos</span> <span class='ocrx_word' id='word_1_256' title='bbox 1588 1384 1624 1412; x_wconf 87' lang='lat' dir='ltr'>de</span> 
     </span>
     <span class='ocr_line' id='line_1_25' title="bbox 107 1437 1623 1475; baseline -0.001 -10"><span class='ocrx_word' id='word_1_257' title='bbox 107 1437 161 1466; x_wconf 85' lang='lat' dir='ltr'>hac</span> <span class='ocrx_word' id='word_1_258' title='bbox 183 1446 212 1466; x_wconf 82' lang='lat' dir='ltr'>re</span> <span class='ocrx_word' id='word_1_259' title='bbox 237 1438 306 1466; x_wconf 87' lang='lat' dir='ltr'>duas</span> <span class='ocrx_word' id='word_1_260' title='bbox 327 1438 424 1466; x_wconf 83' lang='lat' dir='ltr'>inveni</span> <span class='ocrx_word' id='word_1_261' title='bbox 442 1438 617 1474; x_wconf 81' lang='lat' dir='ltr'>sententias,</span> <span class='ocrx_word' id='word_1_262' title='bbox 639 1447 712 1474; x_wconf 82' lang='lat' dir='ltr'>quae</span> <span class='ocrx_word' id='word_1_263' title='bbox 732 1439 830 1468; x_wconf 81' lang='lat' dir='ltr'>ambae</span> <span class='ocrx_word' id='word_1_264' title='bbox 852 1448 882 1468; x_wconf 89' lang='lat' dir='ltr'>se</span> <span class='ocrx_word' id='word_1_265' title='bbox 904 1440 934 1467; x_wconf 90' lang='lat' dir='ltr'>in</span> <span class='ocrx_word' id='word_1_266' title='bbox 965 1440 1064 1468; x_wconf 86' lang='lat' dir='ltr'>multis</span> <span class='ocrx_word' id='word_1_267' title='bbox 1087 1445 1233 1475; x_wconf 76' lang='lat' dir='ltr'>tangunt,</span> <span class='ocrx_word' id='word_1_268' title='bbox 1259 1438 1290 1466; x_wconf 89' lang='lat' dir='ltr'>in</span> <span class='ocrx_word' id='word_1_269' title='bbox 1311 1437 1462 1465; x_wconf 85' lang='lat' dir='ltr'>nonnullis</span> <span class='ocrx_word' id='word_1_270' title='bbox 1489 1442 1583 1464; x_wconf 87' lang='lat' dir='ltr'>tamen</span> <span class='ocrx_word' id='word_1_271' title='bbox 1604 1442 1623 1463; x_wconf 86' lang='lat' dir='ltr'>a</span> 
     </span>
     <span class='ocr_line' id='line_1_26' title="bbox 107 1487 439 1518; baseline 0.006 -2"><span class='ocrx_word' id='word_1_272' title='bbox 107 1487 273 1516; x_wconf 79' lang='lat' dir='ltr'>seinvicem</span> <span class='ocrx_word' id='word_1_273' title='bbox 293 1489 439 1518; x_wconf 84' lang='lat' dir='ltr'>recedunt.</span> 
     </span>
    </p>

    <p class='ocr_par' dir='ltr' id='par_1_7' title="bbox 107 1537 1622 1680">
     <span class='ocr_line' id='line_1_27' title="bbox 146 1537 1619 1577; baseline -0.001 -10"><span class='ocrx_word' id='word_1_274' title='bbox 146 1537 208 1567; x_wconf 78' lang='lat' dir='ltr'>Hae</span> <span class='ocrx_word' id='word_1_275' title='bbox 225 1540 356 1574; x_wconf 84' lang='lat' dir='ltr'>quamvis</span> <span class='ocrx_word' id='word_1_276' title='bbox 379 1548 479 1576; x_wconf 87' lang='lat' dir='ltr'>parum</span> <span class='ocrx_word' id='word_1_277' title='bbox 504 1540 574 1568; x_wconf 85' lang='lat' dir='ltr'>mihi</span> <span class='ocrx_word' id='word_1_278' title='bbox 597 1540 743 1576; x_wconf 66' lang='lat' dir='ltr'>placffint‚</span> <span class='ocrx_word' id='word_1_279' title='bbox 771 1539 880 1577; x_wconf 75' lang='lat' dir='ltr'>quippe</span> <span class='ocrx_word' id='word_1_280' title='bbox 903 1541 1103 1576; x_wconf 77' lang='lat' dir='ltr'>obscuriores3</span> <span class='ocrx_word' id='word_1_281' title='bbox 1132 1549 1177 1569; x_wconf 86' lang='lat' dir='ltr'>eas</span> <span class='ocrx_word' id='word_1_282' title='bbox 1205 1546 1297 1567; x_wconf 81' lang='lat' dir='ltr'>tamen</span> <span class='ocrx_word' id='word_1_283' title='bbox 1325 1539 1408 1567; x_wconf 82' lang='lat' dir='ltr'>liceat</span> <span class='ocrx_word' id='word_1_284' title='bbox 1439 1545 1619 1574; x_wconf 85' lang='lat' dir='ltr'>proponere:</span> 
     </span>
     <span class='ocr_line' id='line_1_28' title="bbox 107 1589 1622 1628; baseline -0.001 -9"><span class='ocrx_word' id='word_1_285' title='bbox 107 1590 270 1620; x_wconf 79' lang='lat' dir='ltr'>Auctorum</span> <span class='ocrx_word' id='word_1_286' title='bbox 294 1600 361 1619; x_wconf 85' lang='lat' dir='ltr'>vero</span> <span class='ocrx_word' id='word_1_287' title='bbox 393 1591 464 1628; x_wconf 87' lang='lat' dir='ltr'>ipsis</span> <span class='ocrx_word' id='word_1_288' title='bbox 486 1591 581 1620; x_wconf 82' lang='lat' dir='ltr'>verbis</span> <span class='ocrx_word' id='word_1_289' title='bbox 612 1597 692 1627; x_wconf 77' lang='lat' dir='ltr'>utar,</span> <span class='ocrx_word' id='word_1_290' title='bbox 714 1599 749 1621; x_wconf 85' lang='lat' dir='ltr'>ne</span> <span class='ocrx_word' id='word_1_291' title='bbox 776 1591 930 1621; x_wconf 88' lang='lat' dir='ltr'>obscurior</span> <span class='ocrx_word' id='word_1_292' title='bbox 953 1592 1008 1620; x_wconf 88' lang='lat' dir='ltr'>sim</span> <span class='ocrx_word' id='word_1_293' title='bbox 1029 1598 1056 1620; x_wconf 83' lang='lat' dir='ltr'>et</span> <span class='ocrx_word' id='word_1_294' title='bbox 1079 1591 1164 1621; x_wconf 88' lang='lat' dir='ltr'>nimis</span> <span class='ocrx_word' id='word_1_295' title='bbox 1186 1591 1303 1620; x_wconf 83' lang='lat' dir='ltr'>barbare</span> <span class='ocrx_word' id='word_1_296' title='bbox 1325 1591 1438 1626; x_wconf 82' lang='lat' dir='ltr'>loquar.</span> <span class='ocrx_word' id='word_1_297' title='bbox 1487 1589 1534 1618; x_wconf 85' lang='lat' dir='ltr'>En</span> <span class='ocrx_word' id='word_1_298' title='bbox 1554 1589 1622 1617; x_wconf 84' lang='lat' dir='ltr'>alte-</span> 
     </span>
     <span class='ocr_line' id='line_1_29' title="bbox 108 1643 462 1680; baseline 0.006 -12"><span class='ocrx_word' id='word_1_299' title='bbox 108 1648 166 1676; x_wconf 57' lang='lat' dir='ltr'>ram</span> <span class='ocrx_word' id='word_1_300' title='bbox 190 1643 358 1673; x_wconf 79' lang='lat' dir='ltr'>sententiam</span> <span class='ocrx_word' id='word_1_301' title='bbox 386 1643 462 1680; x_wconf 79' lang='lat'>(9).</span> 
     </span>
    </p>

    <p class='ocr_par' dir='ltr' id='par_1_8' title="bbox 109 1690 1627 1935">
     <span class='ocr_line' id='line_1_30' title="bbox 147 1690 1624 1731; baseline -0.001 -11"><span class='ocrx_word' id='word_1_302' title='bbox 147 1712 165 1727; x_wconf 82' lang='lat'>„</span> <span class='ocrx_word' id='word_1_303' title='bbox 185 1692 328 1730; x_wconf 81' lang='lat' dir='ltr'>Obgleich</span> <span class='ocrx_word' id='word_1_304' title='bbox 347 1694 490 1729; x_wconf 87' lang='lat' dir='ltr'>grunende</span> <span class='ocrx_word' id='word_1_305' title='bbox 511 1693 618 1722; x_wconf 83' lang='lat' dir='ltr'>Blatter</span> <span class='ocrx_word' id='word_1_306' title='bbox 639 1694 728 1722; x_wconf 83' lang='lat' dir='ltr'>durch</span> <span class='ocrx_word' id='word_1_307' title='bbox 744 1695 794 1723; x_wconf 91' lang='lat' dir='ltr'>das</span> <span class='ocrx_word' id='word_1_308' title='bbox 814 1703 873 1723; x_wconf 87' lang='lat' dir='ltr'>von</span> <span class='ocrx_word' id='word_1_309' title='bbox 893 1694 955 1723; x_wconf 86' lang='lat' dir='ltr'>sich</span> <span class='ocrx_word' id='word_1_310' title='bbox 980 1694 1104 1731; x_wconf 82' lang='lat' dir='ltr'>gebende</span> <span class='ocrx_word' id='word_1_311' title='bbox 1130 1693 1360 1729; x_wconf 78' lang='lat' dir='ltr'>Sauerstoff-gas</span> <span class='ocrx_word' id='word_1_312' title='bbox 1386 1701 1421 1721; x_wconf 88' lang='lat' dir='ltr'>so</span> <span class='ocrx_word' id='word_1_313' title='bbox 1448 1690 1624 1727; x_wconf 77' lang='lat' dir='ltr'>wohlthatig·</span> 
     </span>
     <span class='ocr_line' id='line_1_31' title="bbox 109 1742 1620 1782; baseline -0.002 -10"><span class='ocrx_word' id='word_1_314' title='bbox 109 1759 131 1778; x_wconf 54' lang='lat'>,5</span> <span class='ocrx_word' id='word_1_315' title='bbox 147 1743 202 1772; x_wconf 87' lang='lat' dir='ltr'>auf</span> <span class='ocrx_word' id='word_1_316' title='bbox 225 1744 279 1773; x_wconf 83' lang='lat' dir='ltr'>den</span> <span class='ocrx_word' id='word_1_317' title='bbox 298 1744 473 1773; x_wconf 83' lang='lat' dir='ltr'>Dunstkreis</span> <span class='ocrx_word' id='word_1_318' title='bbox 491 1745 620 1780; x_wconf 77' lang='lat' dir='ltr'>witken‚</span> <span class='ocrx_word' id='word_1_319' title='bbox 643 1753 676 1774; x_wconf 87' lang='lat' dir='ltr'>so</span> <span class='ocrx_word' id='word_1_320' title='bbox 697 1745 736 1774; x_wconf 89' lang='lat' dir='ltr'>ist</span> <span class='ocrx_word' id='word_1_321' title='bbox 757 1754 786 1774; x_wconf 78' lang='lat' dir='ltr'>es</span> <span class='ocrx_word' id='word_1_322' title='bbox 808 1746 886 1775; x_wconf 81' lang='lat' dir='ltr'>doch</span> <span class='ocrx_word' id='word_1_323' title='bbox 906 1745 963 1774; x_wconf 80' lang='lat' dir='ltr'>vicl</span> <span class='ocrx_word' id='word_1_324' title='bbox 987 1754 1025 1774; x_wconf 93' lang='lat' dir='ltr'>zu</span> <span class='ocrx_word' id='word_1_325' title='bbox 1047 1746 1116 1773; x_wconf 85' lang='lat' dir='ltr'>weit</span> <span class='ocrx_word' id='word_1_326' title='bbox 1137 1753 1299 1782; x_wconf 80' lang='lat' dir='ltr'>gegangen,</span> <span class='ocrx_word' id='word_1_327' title='bbox 1321 1752 1406 1772; x_wconf 80' lang='lat' dir='ltr'>wenn</span> <span class='ocrx_word' id='word_1_328' title='bbox 1421 1751 1485 1771; x_wconf 82' lang='lat' dir='ltr'>man</span> <span class='ocrx_word' id='word_1_329' title='bbox 1502 1742 1620 1779; x_wconf 84' lang='lat' dir='ltr'>glaubt‚</span> 
     </span>
     <span class='ocr_line' id='line_1_32' title="bbox 112 1794 1623 1833; baseline -0.002 -10"><span class='ocrx_word' id='word_1_330' title='bbox 112 1814 130 1828; x_wconf 88' lang='lat'>„</span> <span class='ocrx_word' id='word_1_331' title='bbox 150 1794 218 1823; x_wconf 85' lang='lat' dir='ltr'>dass</span> <span class='ocrx_word' id='word_1_332' title='bbox 238 1803 293 1824; x_wconf 79' lang='lat' dir='ltr'>nur</span> <span class='ocrx_word' id='word_1_333' title='bbox 313 1795 403 1824; x_wconf 83' lang='lat' dir='ltr'>durch</span> <span class='ocrx_word' id='word_1_334' title='bbox 420 1794 516 1824; x_wconf 84' lang='lat' dir='ltr'>diesen</span> <span class='ocrx_word' id='word_1_335' title='bbox 536 1795 774 1832; x_wconf 74' lang='lat' dir='ltr'>Lebensproccss</span> <span class='ocrx_word' id='word_1_336' title='bbox 791 1797 839 1825; x_wconf 86' lang='lat' dir='ltr'>der</span> <span class='ocrx_word' id='word_1_337' title='bbox 861 1797 994 1826; x_wconf 84' lang='lat' dir='ltr'>Pflanzcn</span> <span class='ocrx_word' id='word_1_338' title='bbox 1019 1797 1063 1825; x_wconf 90' lang='lat' dir='ltr'>die</span> <span class='ocrx_word' id='word_1_339' title='bbox 1088 1797 1266 1833; x_wconf 79' lang='lat' dir='ltr'>ungeheuere</span> <span class='ocrx_word' id='word_1_340' title='bbox 1281 1795 1435 1833; x_wconf 73' lang='lat' dir='ltr'>Quantitiit</span> <span class='ocrx_word' id='word_1_341' title='bbox 1461 1802 1495 1823; x_wconf 91' lang='lat' dir='ltr'>an</span> <span class='ocrx_word' id='word_1_342' title='bbox 1523 1794 1623 1821; x_wconf 84' lang='lat' dir='ltr'>Sauer-</span> 
     </span>
     <span class='ocr_line' id='line_1_33' title="bbox 110 1845 1622 1885; baseline -0.001 -11"><span class='ocrx_word' id='word_1_343' title='bbox 110 1864 129 1879; x_wconf 81' lang='lat'>‚,</span> <span class='ocrx_word' id='word_1_344' title='bbox 149 1845 268 1882; x_wconf 81' lang='lat' dir='ltr'>stoffgas</span> <span class='ocrx_word' id='word_1_345' title='bbox 289 1847 337 1875; x_wconf 81' lang='lat' dir='ltr'>der</span> <span class='ocrx_word' id='word_1_346' title='bbox 351 1847 631 1883; x_wconf 65' lang='lat' dir='ltr'>Atmosphiirischzn</span> <span class='ocrx_word' id='word_1_347' title='bbox 653 1847 726 1875; x_wconf 85' lang='lat' dir='ltr'>Luft</span> <span class='ocrx_word' id='word_1_348' title='bbox 742 1847 846 1876; x_wconf 87' lang='lat' dir='ltr'>wieder</span> <span class='ocrx_word' id='word_1_349' title='bbox 865 1848 988 1885; x_wconf 79' lang='lat' dir='ltr'>gegeben</span> <span class='ocrx_word' id='word_1_350' title='bbox 1011 1849 1118 1883; x_wconf 65' lang='grc' dir='ltr'>ψει-(16,</span> <span class='ocrx_word' id='word_1_351' title='bbox 1147 1847 1255 1875; x_wconf 82' lang='lat' dir='ltr'>welche</span> <span class='ocrx_word' id='word_1_352' title='bbox 1278 1847 1322 1874; x_wconf 80' lang='lat' dir='ltr'>ihi·</span> <span class='ocrx_word' id='word_1_353' title='bbox 1344 1845 1493 1880; x_wconf 75' lang='lat' dir='ltr'>bestandig</span> <span class='ocrx_word' id='word_1_354' title='bbox 1524 1851 1622 1872; x_wconf 81' lang='lat' dir='ltr'>entzo-</span> 
     </span>
     <span class='ocr_line' id='line_1_34' title="bbox 112 1895 1627 1935; baseline -0.001 -11"><span class='ocrx_word' id='word_1_355' title='bbox 112 1914 131 1931; x_wconf 84' lang='lat'>„</span> <span class='ocrx_word' id='word_1_356' title='bbox 149 1904 202 1932; x_wconf 87' lang='lat' dir='ltr'>gen</span> <span class='ocrx_word' id='word_1_357' title='bbox 230 1897 314 1926; x_wconf 87' lang='lat' dir='ltr'>wird.</span> <span class='ocrx_word' id='word_1_358' title='bbox 336 1913 364 1922; x_wconf 87' lang='lat'>-</span> <span class='ocrx_word' id='word_1_359' title='bbox 386 1900 462 1928; x_wconf 90' lang='lat' dir='ltr'>Dass</span> <span class='ocrx_word' id='word_1_360' title='bbox 487 1899 603 1927; x_wconf 78' lang='lat' dir='ltr'>Wasser</span> <span class='ocrx_word' id='word_1_361' title='bbox 627 1898 739 1927; x_wconf 83' lang='lat' dir='ltr'>bestcht</span> <span class='ocrx_word' id='word_1_362' title='bbox 761 1899 790 1935; x_wconf 81' lang='lat' dir='ltr'>ja</span> <span class='ocrx_word' id='word_1_363' title='bbox 810 1899 1015 1935; x_wconf 83' lang='lat' dir='ltr'>grosscntheils</span> <span class='ocrx_word' id='word_1_364' title='bbox 1037 1908 1088 1928; x_wconf 84' lang='lat' dir='ltr'>aus</span> <span class='ocrx_word' id='word_1_365' title='bbox 1111 1897 1288 1933; x_wconf 80' lang='lat' dir='ltr'>Sauerstoff,</span> <span class='ocrx_word' id='word_1_366' title='bbox 1321 1906 1349 1926; x_wconf 83' lang='lat' dir='ltr'>cs</span> <span class='ocrx_word' id='word_1_367' title='bbox 1372 1895 1475 1926; x_wconf 77' lang='lat' dir='ltr'>bedarf</span> <span class='ocrx_word' id='word_1_368' title='bbox 1497 1904 1552 1926; x_wconf 86' lang='lat' dir='ltr'>nur</span> <span class='ocrx_word' id='word_1_369' title='bbox 1573 1895 1627 1923; x_wconf 73' lang='lat' dir='ltr'>des</span> 
     </span>
    </p>

    <p class='ocr_par' dir='ltr' id='par_1_9' title="bbox 1524 1946 1622 1982">
     <span class='ocr_line' id='line_1_35' title="bbox 1524 1946 1622 1982; baseline -0.02 -8"><span class='ocrx_word' id='word_1_370' title='bbox 1524 1966 1543 1982; x_wconf 81' lang='lat'><strong>„</strong></span> <span class='ocrx_word' id='word_1_371' title='bbox 1564 1946 1622 1974; x_wconf 59' lang='lat' dir='ltr'>Zu⁴</span> 
     </span>
    </p>
   </div>
   <div class='ocr_carea' id='block_1_6' title="bbox 132 2011 930 2093">
    <p class='ocr_par' dir='ltr' id='par_1_10' title="bbox 132 2011 930 2093">
     <span class='ocr_line' id='line_1_36' title="bbox 132 2011 819 2044; baseline 0.006 -9"><span class='ocrx_word' id='word_1_372' title='bbox 132 2011 188 2040; x_wconf 75' lang='grc'>(9)</span> <span class='ocrx_word' id='word_1_373' title='bbox 202 2013 307 2038; x_wconf 66' lang='lat' dir='ltr'>tutum.</span> <span class='ocrx_word' id='word_1_374' title='bbox 323 2014 431 2043; x_wconf 74' lang='lat' dir='ltr'>Jamum</span> <span class='ocrx_word' id='word_1_375' title='bbox 444 2023 483 2039; x_wconf 77' lang='lat' dir='ltr'>nn</span> <span class='ocrx_word' id='word_1_376' title='bbox 499 2016 605 2044; x_wconf 63' lang='lat' dir='ltr'>Rutulo,</span> <span class='ocrx_word' id='word_1_377' title='bbox 621 2017 685 2039; x_wconf 67' lang='lat' dir='ltr'>Tou.</span> <span class='ocrx_word' id='word_1_378' title='bbox 700 2016 718 2039; x_wconf 84' lang='lat'>1.</span> <span class='ocrx_word' id='word_1_379' title='bbox 732 2022 755 2044; x_wconf 73' lang='lat' dir='ltr'>p-</span> <span class='ocrx_word' id='word_1_380' title='bbox 769 2016 819 2043; x_wconf 63' lang='lat'><strong>⁴⁶4-</strong></span> 
     </span>
     <span class='ocr_line' id='line_1_37' title="bbox 869 2056 930 2093; baseline 0 0"><span class='ocrx_word' id='word_1_381' title='bbox 869 2056 894 2086; x_wconf 85' lang='lat' dir='ltr'>F</span> <span class='ocrx_word' id='word_1_382' title='bbox 914 2065 930 2093; x_wconf 86' lang='lat'>3</span> 
     </span>
    </p>
   </div>
  </div>
 </body>
</html>
