1960 2500
560 169 575 180 '⁷
624 173 753 209 ·=O..R
802 170 837 207 A
888 170 925 207 Τ
975 170 1093 208 10.
1146 172 1170 205 ,Τ
1583 174 1627 208 15

107 284 178 316 fem
203 271 366 328 quaerit,
395 282 428 310 et
446 284 512 309 ιιζ
534 271 670 308 alienis,
695 269 906 320 regionibus
925 267 1164 315 exturbatus,
1193 269 1230 304 in
1256 268 1337 316 ipsa
1360 280 1508 319 quoque
1528 271 1623 308 Gal-v

104 343 155 379 lia
176 354 195 376 a
211 341 319 376 tantis
346 336 532 373 laboribus
550 343 582 371 et
598 334 784 370 aerumnis
806 345 844 367 se
864 331 1010 367 reficere
1034 345 1105 367 non
1126 333 1267 379 potuit;
1293 332 1455 380 quotidie
1481 325 1620 370 adide-

101 402 335 452 pugnandum
363 408 532 444 coactus,
561 405 594 433 et
622 397 794 432 continuo
821 394 994 445 repulsus
1020 402 1054 430 et
1081 405 1209 430 caesus
1218 421 1232 438 ‚
1259 393 1430 433 omnibus
1456 395 1622 440 amissis,

101 466 153 502 ita
176 465 317 501 tandem
348 463 383 497 in
413 461 601 510 angustias
628 458 830 507 redigitur,
858 464 898 492 ut
926 456 1045 494 victas
1067 463 1215 505 cogatur
1236 456 1324 491 dare
1342 469 1488 492 manus.
1539 457 1623 495 Jam

103 528 324 564 conditiones
347 524 449 572 pacis
471 531 573 559 antea
593 520 854 570 superbissime
872 519 1027 566 rejectas
1051 530 1130 554 sero
1153 517 1319 566 flagitat,
1348 520 1489 567 gratiae
1505 519 1623 556 victo·-

103 602 187 626 rum
211 602 250 625 se
272 587 489 624 committere
514 585 655 632 jussus.
708 581 923 618 Communis
949 581 1041 616 inter
1069 592 1192 616 omnes
1217 580 1374 628 populos
1398 580 1439 616 fit
1458 582 1625 630 gratula-

97 652 178 697 tio;
206 663 328 686 omnes
354 650 392 685 in
415 656 488 684 tota
514 646 663 694 Europa
698 653 845 693 partes,
887 643 1077 679 exstinctis
1106 642 1200 678 odiis
1235 650 1270 678 et
1301 641 1521 678 factionibus
1540 671 1554 689 ,
1587 644 1625 679 in

98 724 213 750 unum
243 714 395 757 coeunt,
425 719 458 746 et
486 708 700 745 unanimiter
732 707 860 743 laudes
881 705 954 742 Dei
982 705 1180 741 celebrant.
1233 704 1448 753 Magnitudo
1478 704 1622 740 Princi-

88 786 188 825 *pum
218 774 356 810 hostem
389 772 612 809 debellatum
643 770 787 813 domat,
816 776 849 805 et
877 781 896 804 e
922 776 1116 816 conspectu
1136 766 1322 803 hominum
1355 774 1534 812 removet3
1563 766 1626 803 sed

98 838 196 875 vitae
219 846 337 872 tamen
364 836 492 884 parcit.
546 835 622 869 fies
651 840 774 868 contra
810 843 963 866 omnemv
982 844 1081 879 spem
1109 830 1241 868 evenit.
1303 829 1478 865 Nondum
1507 840 1625 864 annus

100 907 198 946 erat3
225 899 312 935 dum
334 898 521 946 Principes
539 895 722 940 Viennae,
751 893 899 929 domum
917 893 1040 929 missis
1071 893 1208 941 copiiS,
1236 893 1280 928 de
1307 891 1420 928 rebus
1452 891 1622 939 Europae

29 1008 33 1012 .
89 962 303 1010 digerendis
337 960 457 996 adhuc
487 958 710 1002 deliberant,
740 964 921 1004 tyrannus
947 956 1083 1003 ejectus
1117 968 1160 991 ex
1188 955 1386 1003 improviso
1415 953 1460 990 ab
1493 953 1624 990 exsilio

87 1025 277 1072 erumpit,
305 1031 338 1058 et
370 1023 549 1058 sociorum
580 1020 829 1069 improborum
860 1018 958 1054 dolis
986 1026 1093 1067 atque
1119 1017 1327 1066 praestigiis
1346 1016 1521 1064 adjutus,
1546 1024 1619 1053 tota

86 1087 391 1121 ‘contremiscente
426 1092 459 1119 et
487 1084 694 1130 indignante
729 1081 899 1129 Europa,
942 1080 1004 1116 sed
1040 1081 1104 1118 vix
1143 1094 1331 1130 quoquam
1362 1078 1558 1115 obsistente
1591 1084 1625 1114 et

98 1155 221 1183 contra
252 1152 468 1194 pugnante,
507 1144 625 1179 denuo
671 1143 813 1190 imperii
855 1141 1016 1177 habenas
1054 1142 1183 1190 arripit
1202 1156 1213 1188 3
1253 1155 1318 1178 nec
1352 1150 1471 1177 tamen
1511 1153 1623 1189 para-

95 1216 170 1244 tam
207 1208 346 1256 jamdiu
384 1206 625 1243 nefandorum
662 1204 844 1241 scelerum>
873 1204 1074 1242 vindictam·
1106 1204 1283 1253 aufugere
1319 1205 1476 1252 potuit„
1514 1202 1624 1239 Prin-

97 1271 193 1319 cipes
229 1270 425 1315 foederati,
462 1269 572 1305 simili
606 1276 717 1316 atque
750 1275 856 1303 antea
886 1267 1022 1315 impetu
1049 1267 1207 1313 incensi,
1243 1266 1449 1314 Religionis
1479 1273 1512 1300 et
1550 1264 1622 1300 hu.-

95 1333 278 1368 manitatis
315 1344 492 1376 causam,
530 1330 732 1379 conjunctis
773 1329 909 1367 civium
953 1328 1185 1378 militumque
1224 1329 1334 1364 simili
1377 1327 1624 1376 indignatione

96 1394 300 1429 ardentium
342 1394 453 1429 armis
492 1392 699 1442 'animisque
719 1421 732 1438 ‚
781 1394 914 1431 iterum
960 1392 1193 1440 suscipiunt,
1242 1399 1276 1426 et
1312 1391 1544 1426 temerarium
1581 1401 1624 1425 ae

94 1454 357 1491 ferocissimum
385 1456 545 1500 hostem,
585 1455 769 1503 quidquid
803 1466 886 1490 cum
922 1454 1106 1490 sociorum
1136 1453 1359 1502 perfidorum
1393 1466 1501 1502 grege
1536 1463 1623 1486 con-

94 1522 152 1551 tra
187 1516 375 1561 luctetur,
419 1517 579 1565 gloriosa
610 1517 706 1560 illa,
753 1517 891 1551 nostris
925 1529 1071 1564 quoque
1112 1517 1254 1564 copiis,
1302 1527 1501 1564 earumque
1539 1525 1623 1549 cum

90 1578 248 1612 maxime
282 1577 405 1624 Duci,
452 1578 609 1626 Principi
646 1586 770 1614 nostro
803 1578 1047 1614 haereditario
1066 1606 1079 1623 ,
1121 1577 1382 1626 pei-honorifica
1415 1588 1527 1625 prope
1563 1575 1622 1610 vi-

93 1651 172 1674 cum
202 1639 402 1676 Waterloo
428 1653 576 1689 pugna,
605 1653 738 1676 rursus
767 1648 1000 1688 prosternunt
1027 1648 1061 1675 et
1086 1640 1196 1688 plane
1221 1639 1396 1688 subigunt
1404 1652 1418 1687 3
1443 1638 1553 1674 ethis
1571 1637 1622 1672 ita

94 1703 205 1749 gestis
243 1703 445 1738 restitutam
473 1715 599 1750 pacem
626 1703 743 1752 magis
771 1702 914 1742 firmam
941 1711 974 1738 et
1000 1702 1168 1738 stabilem
1196 1703 1365 1738 reddunt.
1417 1701 1450 1737 E
1466 1698 1622 1747 vestigio

94 1775 217 1798 omnes
243 1765 361 1800 denuo
393 1765 430 1800 in
460 1766 594 1813 templa
621 1773 863 1813 concurrunt,
893 1773 927 1802 et
953 1765 1014 1813 pia
1034 1765 1116 1800 Deo
1152 1773 1238 1816 yota
1265 1764 1358 1800 laete
1390 1763 1619 1811 persolvunt.

94 1823 180 1861 Una
198 1827 353 1861 omnium
373 1827 464 1863 hacc
478 1841 552 1864 vox
575 1836 629 1864 est
647 1829 897 1874 et'sententia,
924 1827 1106 1876 quidquid
1124 1826 1215 1862 bene
1237 1834 1272 1862 et
1295 1826 1481 1874 praeclare
1502 1833 1536 1859 et
1553 1823 1622 1859 bo-

94 1899 140 1922 no
166 1900 247 1923 cum
273 1901 444 1924 successu
474 1897 593 1925 actum
622 1899 739 1935 esset,
767 1903 839 1925 non
861 1890 1073 1939 Principum
1097 1890 1135 1926 vi
1165 1898 1197 1925 et
1222 1889 1437 1937 prudentia,
1466 1887 1528 1923 sed
1546 1884 1620 1921 Dei

96 1955 183 1982 nutu
217 1959 323 1999 atque
350 1951 499 1987 arbitrio
528 1964 605 1987 esse
637 1961 780 1998 actum3
806 1952 887 1988 Deo
919 1953 1014 1998 soli,
1044 1952 1141 1990 vires
1170 1952 1408 1999 animosque,
1443 1957 1618 1996 tanquam

97 2020 208 2057 supra
235 2011 294 2055 id,
324 2013 419 2062 quod
447 2012 648 2050 humanum
673 2023 788 2061 esset,
826 2012 987 2051 efferenti
1023 2023 1056 2050 et
1086 2013 1336 2050 corroboranti
1354 2040 1367 2057 ,
1403 2010 1616 2047 universum

992 2075 1022 2112 Β
1050 2076 1072 2110 5
1556 2080 1616 2103 ae-
