1940 2474
440 153 958 188 COMMENTATIO
1016 151 1419 185 LITERARIAI
1648 153 1688 197 57

171 245 327 276 verborum
355 236 566 282 significatione
595 243 624 272 in
650 241 850 279 compendium
882 241 987 278 redegit
1010 241 1132 275 Festus3
1163 241 1193 268 in
1221 240 1322 276 primis
1360 241 1394 269 de
1426 248 1459 268 eo
1498 241 1606 276 legatur
1635 240 1684 269 Cl.

173 297 315 335 lVyttcnb.
343 296 419 325 Bibl.
447 296 522 325 Crit.
553 295 586 323 P.
603 294 659 323 VII
682 303 712 330 p.
742 301 777 328 72
800 301 867 328 sqq.
915 293 1047 328 Denique
1070 291 1238 321 nominandi
1268 298 1336 320 sunt
1363 292 1395 320 C.
1424 291 1528 328 Julius
1558 291 1690 329 Hyginus

175 349 304 386 Augusti
335 347 472 383 libertus,
506 347 591 384 cujus
615 351 722 382 praeter
743 344 797 372 alia
828 344 935 380 scripta
957 344 1076 373 fuerunt
1102 343 1308 373 Commentarii
1330 343 1360 372 in
1380 343 1552 380 Virgilium,
1581 351 1687 372 memo-

172 401 226 429 rati
244 409 260 429 a
280 400 372 429 Fabr.
395 399 430 428 B.
452 400 488 428 L.
507 399 551 434 11,
576 407 588 428 1
612 398 628 433 ἕ
647 405 682 426 2:
704 402 731 425 et
755 396 933 432 Fenestella,
956 396 1143 425 doctissimus
1159 395 1373 425 Grammaticus
1386 416 1396 430 ,
1417 395 1501 432 cujus
1522 394 1588 423 item
1613 394 1689 431 frag-

170 458 264 480 menta
286 458 409 481 exstant.
1226 446 1230 450 '

208 503 249 531 Et
270 502 423 539 quoniam,
452 509 485 531 ut
504 508 585 531 antea
609 500 751 535 vidimus,
780 498 967 528 Grammatici
992 507 1097 528 munus
1129 505 1240 528 omnem
1269 498 1328 527 fere
1354 497 1600 534 complectebatur
1625 498 1690 526 lite-

170 563 264 583 rarum
286 554 501 591 cognitionem,
531 554 565 582 ad
586 553 662 581 hunc
691 553 788 580 locum
812 551 934 587 pertinet
961 550 1187 586 animadversio⁷
1215 550 1375 579 universam
1404 550 1543 578 librorum
1566 556 1594 577 et
1616 549 1689 577 anti-

170 605 290 640 quitatis
312 605 480 641 scientiam,
503 613 574 641 quae
591 606 681 641 vulgo
696 603 879 641 Philologla‚
903 602 963 631 sive
979 603 1178 638 Literatura,
1197 602 1252 631 dici
1271 603 1344 630 solet
1358 623 1368 636 ‚
1390 601 1484 638 magni
1503 602 1558 630 hoc
1578 607 1688 637 tempo-

169 657 210 685 ris
235 657 329 693 spatio
351 657 476 685 habitam
501 664 573 685 esse.
614 656 659 685 Ex
685 664 717 684 eo
748 663 846 692 genere
869 653 987 682 fuerunt
1016 654 1160 683 Varronis
1185 660 1213 681 et
1241 653 1337 681 Attici
1357 652 1435 681 libri.
1481 652 1536 680 Sed
1558 651 1686 688 Augusti

163 715 258 738 ‘aetate
277 717 344 746 prae
367 708 469 738 ceteris
490 717 586 738 earum
607 716 701 737 rerum
722 706 916 743 peritissimus
932 705 990 734 fuit
1012 705 1054 741 is,
1077 713 1163 742 quem
1185 705 1272 734 modo
1289 703 1520 739 nominavimus,
1542 703 1687 741 Hyginus.

878 797 898 832 S
940 805 968 832 7·

811 883 858 914 De
878 884 1051 913 Rhetorica.

201 966 297 998 Nulla
314 967 475 1004 antiquitus
496 972 554 995 erat
572 964 764 1001 Eloquentiae
780 963 900 992 Latinae
921 962 1076 999 disciplina
1096 962 1131 991 ad
1149 961 1218 990 artis
1240 962 1330 998 legem
1354 959 1533 996 composita:
1555 959 1686 995 quamvis

155 1010 327 1049 *domestica
350 1017 551 1047 exercitatione
573 1017 728 1045 utebantur
751 1015 908 1050 Oratores,
934 1021 966 1042 ut
990 1015 1024 1042 de
1049 1013 1081 1042 P.
1107 1014 1214 1042 Crasso
1236 1013 1357 1049 legimus
1383 1012 1460 1048 apud
1484 1011 1543 1039 Cic.
1560 1010 1590 1038 in
1608 1008 1686 1038 Bru-

160 1076 198 1098 >to
219 1072 265 1100 26.
306 1071 354 1099 Sic
375 1069 458 1098 etiam
478 1070 516 1098 C.
540 1069 691 1097 Gracchus
710 1067 879 1104 magistrum
899 1065 1001 1094 habuit
1019 1065 1202 1101 Diophanem
1218 1064 1444 1100 Mitylenaeum,
1465 1062 1601 1099 Graeciae
1618 1067 1686 1089 tem-

163 1122 291 1156 poribus
322 1121 381 1150 illis
410 1115 644 1150 disertissimum.
694 1119 763 1148 Vid.
789 1127 816 1147 c.
843 1125 890 1153 27.
937 1117 998 1145 Nec
1024 1116 1082 1145 nisi
1115 1124 1177 1143 sero
1203 1114 1308 1143 Latina
1336 1113 1516 1151 eloquentiae
1543 1111 1687 1142 institutio

151 1163 232 1210 {sive
260 1171 416 1201 Rhetorica
441 1173 472 1201 in
500 1172 609 1201 Urbem
638 1177 750 1207 recepta
777 1176 821 1199 est
838 1191 848 1205 ,
877 1169 987 1205 quippe
1013 1175 1222 1203 nonnunquam
1255 1165 1367 1203 legibus
1394 1165 1552 1203 prohibita.
1599 1163 1686 1192 Anno

166 1223 242 1253 enim
267 1223 307 1252 U.
331 1231 387 1261 592
409 1230 437 1252 et
460 1224 605 1261 sexaginta
626 1231 730 1252 novem
754 1228 853 1258 postea
874 1221 955 1250 annis
968 1242 978 1255 ‚
1004 1219 1187 1248 interdictum
1210 1225 1253 1247 est
1272 1218 1316 1246 uti
1339 1218 1448 1247 Romae
1467 1226 1503 1246 ne
1519 1221 1615 1245 essent
1633 1214 1690 1242 La-

149 1265 220 1304 ‘nni
241 1275 404 1311 Rhemum,
434 1284 558 1312 quorum
587 1275 679 1303 inanis
708 1283 740 1302 ac
769 1273 864 1301 futilis
899 1271 1053 1308 disciplina
1080 1271 1181 1307 probis
1208 1270 1338 1298 moribus
1363 1277 1467 1298 nocere
1489 1268 1689 1304 majorumque

167 1326 313 1355 severitati
336 1329 495 1361 repugnare
519 1326 681 1354 videbatur.
721 1324 791 1367 Yid.
815 1324 932 1352 Sueto'n.
962 1323 996 1351 de
1019 1323 1112 1351 Claris
1143 1322 1231 1350 Rhet.
1261 1330 1287 1349 1.
1320 1320 1421 1356 ibique
1451 1318 1689 1356 Oudendorpiu53

165 1385 194 1406 et
215 1377 360 1415 Cellas-lus
379 1376 409 1405 in
426 1376 507 1404 Diss.
529 1377 564 1405 de
585 1377 696 1406 Studiis
719 1376 917 1404 Romanorum
939 1383 964 1403 s.
985 1374 1008 1402 Ι.
1035 1376 1050 1411 §
1075 1376 1104 1403 8.
1144 1374 1246 1403 Postea
1270 1379 1364 1401 tamen
1386 1380 1452 1399 cum
1475 1371 1617 1399 videretur
1638 1367 1690 1395 ho·

167 1435 281 1457 nesturn
298 1434 325 1455 et
350 1427 420 1455 utile
442 1436 504 1456 esse
521 1415 693 1456 Rhetorices
719 1427 867 1461 studium,
894 1427 942 1454 vel
965 1426 1071 1454 summi
1088 1425 1163 1460 viri,
1192 1425 1314 1458 Cicero,
1341 1423 1516 1458 Pompejus,
1545 1419 1594 1447 alii
1619 1425 1687 1454 ope-

166 1487 224 1506 ram
248 1478 273 1506 ei
293 1479 444 1518 dederunt.
486 1478 628 1507 Cicerone
655 1479 770 1514 quidem
803 1486 894 1513 puero
922 1477 1033 1513 primus
1061 1477 1165 1505 Latine
1193 1473 1386 1510 eloquentiam
1409 1473 1510 1500 docere
1534 1469 1629 1506 coepit
1647 1469 1686 1496 L.

166 1529 279 1558 Plotius
305 1529 431 1557 Gallus:
454 1538 538 1565 quem
564 1531 656 1558 secuti
678 1536 746 1559 sunt
775 1529 836 1558 alii:
870 1529 908 1557 L.
936 1528 1081 1556 Otacilius
1100 1528 1230 1562 &litt-ss,
1259 1526 1310 1561 qui
1332 1525 1390 1554 Cn.
1411 1523 1581 1559 Pompejum
1605 1521 1688 1555 Mag-

150 1572 254 1616 num,
275 1587 302 1609 et
321 1581 462 1618 Epidius,
495 1581 546 1616 qui
567 1581 613 1610 M.
635 1582 797 1611 Antonium
828 1587 856 1609 et
884 1582 1053 1617 Augustum
1073 1579 1189 1607 docuit:
1220 1586 1308 1614 porro
1331 1578 1434 1605 Sextus
1459 1573 1572 1603 Clodisrs
1595 1570 1689 1599 Anto-

167 1628 216 1660 nio
233 1639 346 1668 gratus:
371 1632 403 1661 C.
426 1632 565 1662 Albutius
583 1634 673 1669 Silas,
697 1633 748 1669 qui
772 1633 863 1670 patria
887 1633 994 1669 ejectus
1016 1632 1045 1660 in
1062 1629 1159 1660 Planci
1182 1629 1304 1658 oratoris
1327 1629 1441 1656 domum
1469 1628 1600 1657 receptus
1623 1628 1686 1657 est,

168 1691 201 1712 ac
223 1687 323 1718 postea
351 1684 468 1715 prom-ia
499 1685 640 1713 auditoria
666 1685 804 1713 instituit.
846 1684 915 1712 Vid.
937 1685 1053 1712 saeson.
1078 1692 1094 1711 2
1115 1698 1147 1703 -
1168 1682 1194 1708 6.
1235 1680 1291 1701 111⁵
1322 1673 1369 1702 alii
1399 1679 1620 1708 successerunt,
1649 1673 1685 1702 de

169 1732 277 1769 quibus
295 1736 387 1768 egerat
411 1725 568 1758 Suetonius
592 1736 622 1757 in
651 1736 794 1765 aqam-Ata,
823 1735 912 1757 mmm
943 1734 988 1755 sut
1013 1733 1111 1763 parte,
1142 1733 1327 1762 quorumque
1354 1725 1470 1754 nomina
1497 1725 1631 1761 leguntur
1652 1724 1683 1753 in

166 1785 328 1814 Rhetorum
347 1781 488 1818 Catalogo
513 1780 606 1816 ipsius
628 1780 707 1816 operi
730 1779 868 1816 praefixo.

207 1835 336 1874 Augusti
355 1841 483 1870 tempore
507 1832 615 1861 nobilis
640 1830 699 1860 fuit
717 1831 830 1860 Rhetor
853 1830 986 1859 Rutilius
1010 1829 1129 1869 Lupus,
1161 1827 1212 1865 qu'i
1232 1829 1374 1858 Graecum
1399 1828 1525 1865 Gorgiae
1555 1835 1628 1863 opus
1649 1826 1684 1855 de

154 1879 282 1926 'Figuris
308 1886 512 1917 sententiarum
537 1891 615 1914 tanta
636 1891 662 1913 et
682 1884 828 1921 diligentia
845 1890 878 1917 ret
904 1882 1041 1921 elegantia
1065 1882 1094 1910 in
1118 1881 1254 1910 Latinum
1280 1889 1437 1910 sermonem
1468 1878 1627 1913 convertit,
1648 1884 1683 1906 ut

168 1941 203 1969 ad
225 1939 441 1969 Ciceronianam
471 1937 622 1975 puritatem
649 1943 676 1966 ct
705 1937 908 1973 praestantiam
935 1935 1064 1973 proxime
1090 1934 1244 1963 accederet.
1294 1932 1362 1960 Vid.
1392 1930 1426 1959 de
1454 1937 1487 1959 eo
1512 1929 1631 1959 Ruhnk.
1653 1928 1684 1956 in

944 1986 972 2015 H
1582 1981 1605 2010 P
1608 1978 1682 2015 raes]
