1960 2500
598 705 1664 749 INTERPRETATIO.

383 1080 542 1151 Comma
562 1115 613 1152 67.
655 1115 710 1146 Ka)
733 1116 876 1154 Ζαχαρίας
902 1116 916 1146 ὃ
936 1116 1026 1153 πατὴρ
1049 1117 1134 1147 αὐτοῦ
1162 1116 1282 1151 ἐπλήσθη
1310 1115 1473 1153 Πνεῦμωτος
1494 1117 1594 1154 ἁγίου·
1615 1117 1661 1148 καὶ
1683 1119 1889 1158 προεφήτευσε,

381 1168 483 1203 λέγων.
522 1167 565 1195 Et
583 1168 769 1203 Zacharias,
791 1173 882 1206 pater
900 1167 979 1204 ejus,
1005 1168 1120 1205 Spiritu
1143 1168 1248 1196 Sancto
1273 1174 1370 1204 actus,
1393 1169 1492 1198 laudes
1509 1169 1570 1198 Dci
1585 1169 1763 1207 celebravit,
1784 1170 1892 1202 dicens.

421 1219 542 1248 Phrasin
556 1223 666 1256 πνεῦμσι
685 1219 782 1255 ἅγιον,
802 1220 906 1268 wrm
928 1220 1014 1254 ΠΊἻ,
1042 1220 1148 1248 multas
1164 1219 1264 1248 habere
1280 1219 1524 1257 significationes,
1548 1220 1578 1250 in
1600 1221 1727 1258 quibus,
1756 1223 1837 1259 quod
1859 1221 1896 1251 ad

381 1269 496 1307 singula
519 1271 583 1300 loca
604 1271 728 1306 attinet,
755 1276 885 1299 accurate
907 1270 1073 1299 definiendis
1103 1271 1340 1308 explicandisque
1368 1272 1493 1300 multum
1523 1273 1612 1301 studii
1644 1280 1672 1302 et
1702 1282 1802 1311 magna
1831 1273 1895 1302 dili-

380 1322 479 1359 gentia
501 1322 680 1358 requiratur,
709 1322 759 1351 vix
774 1329 836 1358 est,
867 1323 947 1358 quod
975 1331 1153 1352 moneamus.
1194 1323 1241 1352 Ad
1259 1323 1428 1360 vim⁷hujus
1459 1323 1616 1359 dictionis,
1645 1332 1719 1359 quae
1747 1315 1890 1354 commate

387 1380 423 1408 15
444 1379 472 1401 et
492 1382 543 1408 41.
572 1373 659 1411 hujus
684 1373 797 1411 Capitis
824 1383 941 1410 quoque
963 1374 1110 1411 occurrit,
1138 1382 1240 1404 nostro
1270 1376 1336 1405 loco
1367 1382 1443 1405 recte
1463 1375 1660 1412 explicandam
1675 1396 1686 1410 ‚
1715 1383 1775 1404 non
1794 1377 1891 1406 solum

381 1425 465 1462 ejus,
486 1425 520 1454 de
543 1434 602 1461 quo
625 1434 719 1455 sermo
743 1432 804 1461 est,
820 1433 945 1464 persona
965 1432 993 1454 ct
1010 1428 1138 1455 muneris
1162 1437 1197 1455 ac
1218 1429 1297 1458 vitae
1314 1429 1393 1456 ratio
1409 1426 1591 1456 animadverti
1609 1427 1706 1462 debet,
1728 1427 1777 1456 sed
1796 1436 1862 1456 cum
1877 1436 1893 1457 e

381 1485 458 1504 nexu
478 1477 579 1506 horum
602 1477 747 1513 locorum,
774 1483 835 1506 tum
857 1486 890 1506 ex
915 1478 984 1506 aliis
1006 1478 1108 1514 rebus,
1136 1480 1168 1507 iu
1184 1479 1283 1508 iisdem
1301 1478 1408 1515 obviis,
1437 1478 1651 1516 dijudicandum
1675 1485 1731 1507 est.
1773 1478 1890 1518 Quibus

381 1526 433 1555 rite
453 1528 617 1564 perpensis,
641 1535 752 1557 tantum
776 1529 874 1564 abest,
900 1536 933 1557 ut
947 1529 1015 1558 haec
1039 1530 1153 1565 phrasis
1176 1530 1249 1559 nihil
1271 1537 1380 1567 praeter
1392 1530 1602 1567 ferventiorem
1624 1531 1717 1558 animi
1734 1531 1891 1568 impetum,

379 1577 442 1605 sive
468 1580 711 1615 enthusiasmum,
739 1580 789 1616 qui
813 1581 920 1609 dicitur
934 1602 944 1616 ‚
974 1581 1089 1609 denotet
1104 1602 1115 1617 ,
1145 1588 1177 1610 ut
1200 1582 1298 1618 potius
1319 1585 1406 1611 s'ensu
1428 1581 1527 1618 grandi
1548 1588 1576 1610 et
1600 1581 1717 1610 sublimi
1746 1581 1783 1609 sit
1814 1582 1890 1610 acci-

378 1627 499 1664 pienda,
528 1636 613 1666 atquc
635 1631 704 1659 adeo
725 1630 869 1667 significet
891 1631 1026 1668 afflatum
1049 1631 1198 1668 divinum,
1228 1641 1287 1668 quo
1311 1632 1464 1661 Zacharias
1495 1632 1609 1668 largiter
1635 1631 1796 1660 instructus
1827 1633 1887 1662 exi-

380 1678 528 1716 miumque
552 1681 581 1709 in
607 1681 725 1710 modum
749 1682 912 1710 concitatus
933 1690 1032 1719 csset3
1063 1684 1181 1712 verbum
1203 1684 1275 1712 enim
1296 1685 1427 1719 πλήθειν,
1455 1691 1514 1719 quo
1538 1682 1635 1710 Lucas
1664 1691 1747 1719 saepe
1779 1683 1888 1720 utitur,

379 1730 495 1759 denotat
515 1733 620 1770 copiosa
641 1739 669 1760 et
692 1733 820 1771 largiter
838 1735 995 1762 instruere.
1037 1735 1118 1773 Quae
1142 1735 1294 1771 explicatio
1320 1735 1387 1763 inde
1410 1742 1529 1770 quoque
1550 1733 1638 1762 robur
1658 1734 1779 1770 accipit,
1810 1735 1889 1770 quod

378 1779 498 1810 Hebraei
515 1783 644 1821 Spiritus
657 1785 760 1812 Sancti
774 1784 889 1813 nomine
905 1793 988 1821 saepe
1002 1785 1166 1823 intelligunt
1182 1786 1257 1814 dona
1271 1787 1399 1824 Spiritus
1416 1785 1511 1814 divim*
1527 1785 1771 1814 extraordinaria
1781 1806 1790 1820 ‚
1812 1791 1839 1814 et
1856 1785 1886 1814 in

378 1832 409 1861 N
412 1854 420 1861 -
437 1833 476 1862 T·
493 1838 603 1871 πνεῦμα
623 1836 701 1871 ἅγιον
717 1836 751 1864 de
771 1836 969 1872 singularibus
981 1836 1079 1872 donis,
1101 1847 1120 1865 a
1138 1837 1200 1865 Deo
1218 1844 1244 1865 et
1261 1838 1376 1875 Spiritu
1393 1837 1498 1865 Sancto
1522 1836 1700 1874 repesendis,
1723 1836 1886 1871 frequenter

381 1892 548 1920 usurpatur.
595 1886 695 1922 Itaque
716 1886 774 1915 vim
793 1887 929 1922 phraseos
946 1887 1043 1916 minus
1061 1889 1143 1924 plene
1164 1888 1339 1925 expressisse
1355 1888 1468 1916 videtur
1481 1887 1693 1915 Rosenmxllcri
1715 1886 1889 1916 animadver-

378 1935 422 1964 sio
449 1937 482 1964 ad
506 1937 535 1964 h.
562 1937 583 1965 1.
613 1938 761 1973 notantis,
791 1937 954 1976 „lmplctos
987 1939 1102 1976 Spiritu
1125 1940 1229 1968 Sancto
1257 1939 1316 1967 dici
1346 1940 1433 1966 ctiam
1454 1938 1572 1972 Poims,
1602 1938 1673 1974 qaia
1693 1937 1885 1974 ferventioris

379 2007 398 2023 „
419 1988 511 2016 animi
530 1989 637 2027 impetu
660 1989 851 2028 abriffl'wnur
871 1999 906 2018 ac
921 1989 1088 2026 feruntur,
1109 1992 1154 2019 ita
1176 1997 1207 2019 ut
1225 1990 1278 2019 st'bi
1299 1990 1335 2019 ab
1357 1989 1420 2018 alia
1436 1988 1547 2026 majore
1563 1990 1593 2018 vi
1616 1991 1666 2026 agi
1688 1989 1888 2019 videantur.”

1845 2041 1890 2070 De
