1960 2500
488 153 1244 205 PRAEMORENDA'.
1608 155 1628 189 5

106 242 238 292 ‘primum‘
256 240 286 280 in
309 249 412 279 oculos
435 246 639 277 incurrentium
663 253 794 280 examen,
823 245 858 273 ad
884 243 1039 272 minutiora
1060 244 1244 279 descendere,
1271 252 1395 280 quorum
1420 244 1549 282 cognitio
1570 246 1620 274 vix

106 306 204 340 aliqua
222 309 284 337 est,
305 301 361 330 nisi
384 299 578 335 microscopia
598 297 794 326 adhibeantur.
836 295 968 324 Miranda
989 295 1063 323 enim
1091 295 1229 325 immensa
1254 303 1298 324 est
1326 297 1486 326 Linnaeiini
1511 297 1621 334 ingenii

105 354 239 384 fertilitas
257 351 445 387 studiumque
469 348 646 378 rarissimum
673 348 703 376 in
721 347 909 384 disponendis
929 353 956 375 et
978 346 1172 375 describendis
1197 348 1370 384 corporibus
1385 348 1511 377 Naturae
1530 349 1622 377 mille-

104 404 170 441 ffis,
193 413 264 441 quae
280 403 344 432 inde
358 402 392 430 ab
410 410 466 430 ovo
486 408 514 429 et
531 400 640 437 origine
654 399 826 435 investigare
851 397 1018 426 conabatur.
1060 397 1136 425 Hinc
1158 398 1219 434 jure
1244 407 1298 427 suo
1319 400 1389 427 dicit
1410 400 1458 435 Ill.>
1479 402 1622 439 Sps-enge-

104 457 160 487 lius
189 477 207 492 ‚‚
228 461 317 484 totam
334 452 568 490 Cryptogamiam
585 451 700 479 minime
724 450 894 478 elaboratam
912 458 990 485 esse,
1013 458 1098 485 quam
1119 458 1168 485 per
1187 456 1277 479 totam
1297 450 1383 479 vitam
1405 452 1492 481 Imm„
1508 453 1621 481 Auctor

107 529 126 546 ,‚
146 509 215 536 adeo
233 505 376 543 neglexit,
399 511 431 533 ut
447 512 497 532 nec
517 503 653 531 Michelii
675 510 728 531 nec
746 501 875 530 Dillem'i
895 500 1009 529 inventa
1027 501 1079 529 rite
1101 501 1130 529 in
1151 511 1221 531 suos
1241 503 1412 531 converterit
1430 513 1501 533 usus
1523 526 1531 533 .
1552 526 1559 533 .
1581 525 1588 533 .
1608 526 1616 533 .

106 560 265 595 „rErrores
287 557 316 586 hi
338 565 372 585 ex
398 555 508 584 incuria·
524 553 582 583 nati
604 554 679 581 haud
698 554 766 581 adeo
787 552 861 580 vitio
882 553 1009 581 vertendi
1029 559 1097 582 sunt
1115 554 1262 591 Limmeo‚·
1288 555 1412 591 plurima
1433 556 1506 584 enim
1527 557 1619 585 nitent

105 631 125 647 ‚‚
144 619 178 639 eo
194 610 324 647 fulgore,
346 615 377 636 ut
396 606 580 636 admiratione
597 614 651 634 nos
668 606 781 642 capiant
801 604 897 642 (8)!'’
921 619 957 627 -
977 605 1053 633 Inter
1067 605 1252 634 Recentiores
1270 613 1363 634 autem
1380 613 1423 635 est
1440 608 1518 636 Clar.
1534 609 1619 637 Will-

101 656 259 696 ἄὲηωνῖιις,
280 660 335 688 Vir
352 661 386 688 de
402 659 446 687 Re
465 658 602 687 Botanica
621 657 839 696 meritissimus,
862 661 911 696 qui
934 660 1071 697 egregiam
1093 667 1121 688 et
1142 661 1234 689 multo
1256 661 1459 690 accuratiorem
1486 663 1621 692 ordinum·

101 712 337 742 constitutionem
360 709 513 747 proposuit
533 709 606 746 (9).
656 709 738 738 Hanc
760 717 877 740 secutus
900 711 961 748 fui,
983 718 1012 740 et
1029 711 1123 740 cuivis
1149 711 1244 740 ordini
1260 712 1433 742 characteres
1455 714 1618 743 essentiales

100 764 272 801 subjungere
298 763 374 790 haud
394 761 496 790 inutile
526 760 605 790 duxi.
658 761 788 791 Priorum
814 772 931 799 quoque
960 764 1093 793 ordinum
1121 763 1232 792 Genera
1258 770 1285 792 et
1322 764 1436 801 Species
1461 767 1622 795 secundum

102 815 350 852 Technologiam,
373 814 407 842 ab
427 814 525 842 eodem
543 813 615 841 Viro
639 813 768 843 Immort.
790 816 940 851 traditam,
967 815 1093 852 digestae
1117 815 1318 844 inveniuntur:
1346 817 1527 851 sequentium
1551 825 1619 846 vero

103 865 278 895 'characteres
297 866 430 894 Limmeo
450 864 639 900 potissimum·
654 865 726 893 duce
745 866 865 895 exhibeo
888 867 989 904 (ιο),
1012 866 1147 902 quoniam
1165 867 1194 894 in
1211 866 1257 895 his
1276 866 1339 895 Viri
1359 867 1414 896 111..
1431 868 1622 898 Willdenowii

100 918 208 947 auxilio
226 917 381 946 destitutus
407 925 497 945 novas
521 917 643 944 condere
664 917 838 946 characteres
864 917 980 946 minime
1003 926 1090 946 ausus
1114 917 1226 946 fuerim.
1276 918 1373 946 Morte
1390 919 1463 947 enim
1483 920 1620 956 abreptus

101 969 166 1004 vir,
194 969 277 1005 cujus
299 976 403 996 nomen
424 968 542 996 omnino
568 960 744 1003 immortale,
773 977 847 1004 opus
867 969 1039 1004 praeclarum
1063 968 1173 1006 Species
1186 969 1362 1007 plantarum
1383 978 1549 999 enumerans
1571 971 1619 999 ab·-

101 1021 212 1049 solvere
227 1028 287 1048 non
305 1019 415 1055 potuit!
436 1034 474 1042 —
495 1019 539 1047 Ut
555 1025 666 1054 autem,
690 1025 827 1055 quantum
848 1019 909 1048 fieri
926 1027 1043 1056 posset,
1065 1019 1180 1049 ordines
1199 1029 1218 1048 a·
1238 1020 1430 1050 Willdenowio
1447 1025 1506 1051 non
1522 1023 1619 1051 traditi

101 1072 137 1100 ad
156 1077 247 1100 status
275 1078 367 1098 rerum
391 1070 521 1099 hodiemi
548 1078 677 1099 normam
700 1071 798 1107 aliquo
825 1072 912 1100 modo
934 1078 1138 1114 tractarentur,
1168 1072 1198 1101 in
1223 1072 1382 1102 Lichenum
1407 1074 1618 1103 enumeratione

100 1128 173 1151 usus
192 1122 236 1150 fui
250 1122 369 1158 Equitis
391 1122 483 1150 Erik.
507 1122 635 1151 Acharii
653 1123 879 1161 Synopsi(11)‚
903 1133 976 1160 quae
994 1133 1092 1154 omnes
1115 1124 1204 1161 hujus
1225 1125 1334 1153 ordinis
1351 1125 1459 1162 species
1478 1134 1542 1154 cum
1561 1126 1615 1160 Sy-

99 1173 236 1210 nonymis
257 1173 460 1209 compendiose
485 1173 582 1202 tradit.
612 1190 652 1196 —
675 1175 845 1204 Muscorum
872 1182 900 1204 et
927 1176 1140 1213 Hepaticorum-
1160 1176 1304 1212 Synopsis
1332 1177 1472 1213 ejusmodi
1501 1176 1616 1211 quidem

101 1232 162 1254 non
182 1226 291 1260 aderat,
318 1231 441 1253 attamen
462 1224 538 1252 etin
561 1223 606 1252 his
628 1232 674 1252 eas
701 1224 756 1253 feci
776 1226 966 1261 mutationes,
988 1235 1058 1264 quas
1078 1226 1241 1255 Auctorum
1265 1227 1407 1255 variorum
1428 1227 1567 1254 industria
1587 1233 1616 1255 et

99 1274 200 1309 ingens
221 1276 302 1305 labor
322 1275 469 1304 suadebat.
493 1289 535 1297 —
557 1275 602 1303 De
621 1275 791 1313 Fungorum
811 1277 909 1305 ordine
929 1277 1078 1305 Linnaeus
1099 1277 1204 1305 fatetur
1236 1298 1253 1312 ‚,
1274 1278 1350 1303 hunc
1373 1276 1403 1304 in
1426 1277 1614 1314 opprobrium

102 1323 124 1361 5,
141 1325 210 1354 artis
230 1323 383 1352 etiamnum
404 1327 505 1355 Chaos
525 1335 603 1362 esse,
632 1327 828 1356 nescientibus
846 1328 1008 1360 Botanicis,
1029 1327 1058 1355 in
1080 1328 1124 1354 his
1152 1325 1222 1361 quid
1243 1326 1369 1363 species,
1397 1329 1468 1364 quid
1493 1329 1614 1358 varietas

103 1396 124 1413 „
143 1376 181 1404 sit
202 1373 319 1412 (12):”
348 1373 446 1403 forsan
469 1373 571 1402 melius
596 1374 717 1403 dixisset
736 1375 791 1403 Vir
809 1375 939 1404 Immort.
972 1397 990 1412 „
1005 1376 1075 1411 quid
1096 1377 1222 1413 species,
1250 1378 1320 1413 quid
1339 1378 1433 1407 variae
1455 1380 1613 1416 specierum

101 1427 127 1463 '„
147 1427 259 1456 diversa
279 1432 369 1454 aetate
386 1425 494 1454 formae
517 1425 611 1454 sint.”
648 1426 707 1455 Vix
721 1426 1023 1462 enimcredibileest,
1044 1429 1203 1458 varietazes
1223 1429 1282 1457 veri
1301 1430 1432 1458 nominis*
1450 1430 1522 1459 inter
1539 1432 1614 1460 Fun-

98 1486 159 1515 ‘gos
186 1477 265 1513 dari,
293 1485 359 1506 cum
389 1476 454 1506 illae
482 1485 603 1513 causae,
634 1485 706 1513 quae
732 1478 782 1506 lias
802 1479 983 1514 producunt,
1010 1486 1069 1507 non
1095 1479 1164 1508 adeo
1188 1479 1219 1509 in
1246 1481 1298 1509 hac
1320 1481 1479 1517 plantarum
1503 1482 1615 1510 caterva

1555 1541 1617 1570 age-

131 1646 181 1672 (Ι)
196 1645 249 1666 vid.
268 1644 326 1667 Hist.
348 1644 391 1667 Rei
413 1645 483 1667 Herb·
501 1647 516 1667 1.
531 1647 547 1668 h

133 1685 250 1713 (9)V'1d.
271 1685 384 1706 Grundn'u
400 1684 436 1705 dor
454 1684 568 1706 Kriumk.
594 1690 643 1712 pag.
661 1691 713 1712 209·
735 1691 798 1714 seqq.
823 1691 846 1707 et
871 1686 949 1712 Ejusd.
978 1685 1049 1709 ednio
1069 1686 1195 1714 specierum
1221 1687 1344 1709 Planzarum
1369 1687 1469 1710 Linnaei.
1502 1691 1565 1712 Tom.
1586 1692 1614 1714 v.

101 1727 225 1750 Introduct.

134 1768 196 1795 (ιο)
213 1769 299 1794 Nempe
317 1768 438 1789 secundum
456 1768 521 1794 spec.
540 1767 609 1789 mant.
631 1766 694 1791 Linn.
716 1767 771 1790 edit.
791 1767 982 1791 Reichardiannm.

134 1809 195 1836 (ιι)
212 1809 299 1831 Titulus
320 1814 365 1830 est:
390 1809 482 1836 Synops.
504 1809 607 1830 Method.
632 1808 768 1836 Lichenum,
788 1808 867 1832 sistens
892 1816 970 1833 omnes
989 1809 1053 1836 hujus
1073 1809 1158 1832 ordinis
1182 1810 1285 1832 naturalis
1309 1811 1407 1832 detectas
1426 1811 1524 1838 plantas,
1547 1817 1615 1839 quas,

106 1849 227 1872 necandum
244 1855 337 1876 genera,
358 1850 446 1877 speeies
458 1855 480 1871 et
499 1850 633 1877 varietates,
653 1851 779 1878 disposuit,
799 1851 961 1874 characteribus
973 1857 996 1873 et
1014 1851 1145 1873 differentiis
1165 1851 1287 1873 enneudatis
1311 1851 1433 1880 definivit,
1451 1858 1494 1876 nec
1514 1858 1559 1875 non
1577 1859 1616 1880 sy-

106 1890 209 1917 nonymis
226 1894 248 1910 et
267 1891 460 1913 observztionibus
479 1892 569 1914 selectis
588 1892 708 1915 illustravit
725 1893 811 1916 Aucto:
828 1893 883 1915 lrik
900 1893 1024 1920 Achaim,
1044 1893 1118 1920 Eques
1135 1897 1180 1916 etc.
1204 1891 1306 1918 (Lauda-
1324 1893 1404 1921 ιδῃ.)

135 1929 196 1957 (12)
212 1930 262 1954 vid.
279 1930 362 1953 Philus.
381 1932 433 1954 Βοι.
453 1931 475 1959 s.
487 1936 537 1958 ³¹³·

896 1987 959 2024 Aa
