1940 2474
430 148 955 188 commenta-rto
1023 149 1434 186 LITERAnrA:
1651 155 1693 188 ει

173 244 252 284 Quid
273 243 353 280 quod
373 242 480 280 abjecta
500 242 623 278 pristina
645 241 784 270 industria
805 250 836 269 ac
864 240 970 269 laboris
992 239 1142 275 patientia,
1174 241 1290 276 plurimi
1314 250 1348 269 ne
1370 241 1548 277 attingebant
1572 242 1689 277 quidem

172 296 360 332 ingenuarum
381 295 486 322 artium
508 295 623 329 studia3
655 293 703 321 sed
723 293 752 321 in
774 301 886 321 omnem
907 291 1055 320 mollitiem
1080 298 1165 327 atque
1197 292 1440 328 intemperantiam
1464 293 1567 327 effusi,
1600 303 1689 328 quae-

171 347 272 376 rebant
292 354 322 374 ea
345 354 377 374 ac
402 345 531 374 studiose
561 345 760 379 sectabantur,
792 353 864 379 quae
889 353 991 373 sensus
1021 344 1148 380 jucunda
1179 344 1297 378 quadam
1332 344 1496 373 titillatione
1527 345 1694 380 allicerent,

172 398 260 428 animi
282 398 355 426 vires
376 404 488 433 torpere
509 403 536 425 et
564 397 714 425 hebescere
741 395 881 425 sinebant,
932 396 976 423 Ne
1000 394 1043 422 illi
1065 394 1122 430 ipsi
1156 394 1298 430 quidem,
1317 395 1366 430 qui
1389 396 1499 431 aliquid
1521 397 1613 424 adhuc
1639 397 1693 424 tri·

173 450 300 480 buebant
333 449 435 477 artium
461 448 680 485 Literarumqne
709 448 828 482 studiis,
856 448 884 476 id
908 447 1033 483 ipsarum
1063 455 1158 474 amore
1182 446 1262 474 ducti
1289 441 1450 482 faciebant,
1478 449 1526 476 sed
1554 449 1632 486 quod
1655 448 1690 476 ad

173 502 262 538 hujus
293 500 367 529 vitae
393 499 543 528 utilitatem
575 499 766 535 corporisque
790 498 1042 532 commoditatem,
1071 507 1130 533 quo
1159 497 1201 525 illi
1232 498 1326 526 omnia
1355 499 1531 534 referebant,
1562 499 1692 528 conferre

172 552 359 581 videbantur:
391 560 483 586 neque
492 572 509 586 ‚‚
528 550 553 579 si
576 550 626 586 qui
654 550 728 579 forte
752 559 811 579 non
844 551 989 586 vulgarem
1008 549 1166 578 industriae
1187 550 1390 585 doctrinaeque
1415 551 1526 579 laudem
1549 551 1696 579 mereban-

172 609 238 639 tur,
267 604 297 631 hi
323 603 462 632 bonarum
487 602 591 630 artium
618 602 723 630 studiis
750 604 906 638 prodesse,
933 601 1048 637 sibique
1075 601 1253 637 posteritatis
1281 600 1383 629 famam
1409 611 1572 638 comparare
1596 603 1696 631 stude·-

171 654 257 690 bant,
279 656 330 684 sed
349 663 466 683 suorum
489 654 605 691 gratiam
631 655 803 690 captabant,
824 655 989 691 et,lucrum
1012 660 1098 688 atque
1122 654 1346 681 emolumentum
1372 653 1427 681 sibi
1450 654 1631 689 appetebant.

182 723 183 727 =
210 707 337 735 Alteram
362 715 475 734 causam
502 705 631 734 diximus
656 707 782 741 positam
810 705 902 734 fuisse
923 705 952 733 in
975 705 1081 732 amissa
1107 703 1263 738 libertate,
1293 713 1364 739 quae
1386 711 1413 732 et
1432 704 1494 740 ipsa
1518 713 1552 733 ex
1579 714 1697 733 morum

173 757 224 786 illa
246 757 447 793 depravatione
470 758 629 785 secundum
646 757 804 785 Meinersii·
820 756 988 785 sententiam
1008 762 1104 784 ortum
1123 754 1220 783 traxit.
1261 754 1304 782 Ea
1326 764 1391 783 cum
1415 762 1443 783 et
1466 762 1578 784 externa
1601 757 1694 785 homi-

171 816 242 837 num
265 808 365 843 effata,
396 815 422 836 et
442 808 554 836 interna
577 808 788 843 quodammodo
813 808 900 837 animi
920 808 1064 845 cogitata,
1090 806 1240 842 reprimere
1263 807 1353 835 soleat
1379 813 1465 842 atque
1493 816 1636 843 coercere,
1665 814 1695 836 et

169 860 266 897 turpis
295 860 413 895 insuper
435 859 608 888 adulationis
640 860 680 888 in-
694 868 725 889 se
746 860 892 888 contineat
915 859 1040 893 semina,
1062 857 1183 886 maxime
1204 857 1228 885 si
1248 858 1362 886 accedat
1383 864 1568 893 tyrannorum
1599 865 1698 887 metus

171 917 260 948 atque
282 911 456 946 crudelitas,
485 911 544 939 vim
568 911 670 939 habuit
691 912 841 940 maximam
868 911 899 939 in
918 910 1110 946 Eloquentiae
1133 910 1192 937 vim
1215 908 1409 945 historiaeque
1434 909 1597 939 veritatem:
1627 911 1692 938 Nec

170 962 267 998 enim,
297 969 328 990 ut
350 963 492 998 praeclare
513 962 585 991 dixit
617 963 720 991 Cicero
745 963 774 991 in
795 963 878 992 Brut.
900 971 945 990 12,
967 963 999 990 in
1015 960 1251 991 constituentibus
1268 961 1492 998 rempublicam,
1515 971 1565 989 nec
1579 963 1611 989 in
1632 962 1692 989 bel-

165 1014 202 1047 {a
223 1014 408 1052 gerentibus,
437 1023 486 1041 nec
507 1016 538 1042 in
567 1014 710 1053 impnditis
732 1024 766 1042 ac
791 1024 891 1053 regum
913 1014 1106 1042 dominatione
1130 1011 1268 1041 devinctis
1281 1032 1291 1046 .,
1316 1013 1396 1039 nasci
1416 1012 1561 1050 cupiditas
1581 1012 1698 1041 dicendi

169 1067 253 1098 solet.
294 1066 382 1094 Pacis
404 1072 445 1095 est
461 1076 549 1095 comes
559 1087 568 1101 ,
591 1068 700 1104 otiique
714 1068 808 1102 socia,
832 1072 859 1094 ct
870 1065 939 1101 jam
954 1065 1021 1093 bene
1036 1065 1210 1091 constitutae
1223 1063 1354 1091 civitatis
1368 1064 1452 1099 quasi
1472 1063 1593 1096 alumna
1609 1073 1696 1102 quae-

167 1117 238 1146 dam
260 1116 448 1156 Eloquentia.
497 1118 604 1147 Verum
627 1118 679 1147 hac
701 1118 737 1148 de
759 1127 788 1147 re
811 1116 991 1147 commodior
1011 1114 1124 1144 dicendi
1139 1114 1224 1144 locus
1247 1113 1318 1150 en't,
1343 1122 1409 1142 cum
1430 1114 1584 1151 utriusque
1605 1114 1697 1144 studii

173 1167 325 1197 historiam
344 1170 534 1210 narrabimus.

176 1240 181 1245 ,
208 1219 323 1248 Ultimo
346 1221 412 1249 loco
435 1223 655 1253 memoravimus
675 1224 839 1253 Caesarum·
856 1225 1082 1263 negligentiam,
1105 1223 1158 1259 qui
1180 1229 1281 1251 omnes
1300 1221 1357 1249 fere
1375 1221 1491 1256 quidvis
1512 1221 1612 1257 potius
1629 1227 1696 1257 age-

169 1270 576 1307 bantrquamvhumanitatis
603 1276 708 1304 studiis
732 1276 936 1305 inserviebant.
977 1276 1053 1304 Nam
1079 1275 1158 1310 quod
1181 1275 1216 1302 ad
1239 1273 1384 1301 Tiberium
1403 1272 1523 1307 attinet,
1545 1272 1597 1308 qui
1617 1279 1696 1300 mor·

169 1326 223 1349 tuo
245 1322 386 1356 Augusto
403 1324 557 1359 Imperium
582 1327 731 1363 suscepit,
753 1327 778 1354 is
802 1327 866 1363 ipse
884 1328 999 1363 quidem
1022 1313 1095 1355 artes
1116 1326 1327 1362 liberales1c111n
1344 1324 1470 1353 Graecas
1488 1330 1551 1351 tum
1571 1323 1697 1352 Latinas

169 1370 387 1403 studiosissime
404 1374 515 1410 coluit,
539 1385 571 1404 ac
585 1377 716 1406 lubenter
733 1385 831 1407 secum
848 1373 950 1406 hahuit
963 1378 1066 1406 doctos
1084 1376 1246 1410 homines,
1257 1374 1442 1410 potissimum
1461 1374 1692 1407 Grammaticos;

172 1430 228 1457 qua
251 1423 286 1450 de
311 1431 341 1450 re
371 1425 507 1454 universe
535 1427 593 1463 egit
620 1429 772 1457 Suetonius
794 1430 825 1457 in
851 1430 914 1457 Tib.
937 1438 973 1464 70
995 1435 1022 1456 et
1044 1437 1082 1463 71*
1110 1434 1137 1456 et
1159 1426 1266 1463 passim
1291 1426 1352 1461 ejus
1384 1425 1422 1452 rei
1452 1424 1555 1453 indicia
1575 1423 1694 1457 retulit,

171 1480 198 1500 Ε·
223 1481 277 1508 11,
302 1475 354 1509 16,
376 1483 433 1510 21,
458 1486 514 1512 32,
536 1479 572 1512 56
594 1485 621 1506 et
643 1487 698 1514 57,
722 1479 772 1507 ubi
792 1480 949 1508 Theodoro
974 1479 1111 1508 Gadereo
1126 1478 1297 1507 Rhetoricae
1319 1481 1503 1512 praeceptore
1522 1482 1608 1502 usum
1625 1481 1693 1502 eum⁴

169 1530 232 1552 esse
254 1524 312 1560 ait,
343 1527 423 1561 quod
451 1534 478 1556 et
501 1527 724 1565 Qaeiinctiliaszlts
745 1531 843 1559 retulit
864 1530 901 1567 J.
927 1532 961 1560 Ο.
984 1531 1043 1567 ΠΙ,
1068 1541 1094 1559 1.
1141 1531 1180 1559 Et
1210 1528 1319 1558 tamdiu
1344 1534 1418 1556 certe
1437 1527 1471 1556 is>
1487 1526 1581 1554 literas
1601 1524 1693 1559 aluit,

171 1575 437 1611 quamdiuviverct
461 1579 567 1609 Caesar
589 1581 799 1618 Germanicus,
828 1584 863 1611 de
888 1583 973 1620 cujus
995 1582 1129 1611 laudibus
1157 1588 1184 1610 et
1208 1580 1324 1617 ingenio
1343 1588 1430 1615 supra
1454 1577 1590 1606 diximusa
1633 1575 1690 1604 Sed

171 1633 204 1654 eo
229 1633 346 1657 mortuo
369 1630 404 1657 ad
427 1639 539 1660 omnem
564 1634 760 1662 crudelitatem
781 1635 915 1670 delapsus
937 1635 1063 1662 multum
1088 1634 1123 1662 iis
1146 1631 1308 1662 detrimenti
1330 1630 1443 1660 attulit,
1465 1633 1559 1654 eaTUffl
1580 1626 1691 1656 studio-

171 1675 212 1705 SiS
235 1675 381 1710 levissima
403 1682 437 1711 de
461 1691 546 1712 causa
570 1684 635 1721 ipso
661 1686 763 1714 mortis
784 1686 932 1722 supplicio
956 1685 1081 1714 affectis..
1121 1685 1191 1714 Vid.
1215 1684 1294 1705 ⁵⁴²²ss-
1317 1684 1344 1704 c·
1363 1677 1398 1711 56
1416 1683 1442 1704 et
1459 1678 1508 1705 6³·
1551 1677 1630 1716 Qnid
1645 1687 1692 1707 ve·

170 1734 203 1755 ro
227 1735 242 1754 a
269 1726 408 1764 Caligula
439 1729 469 1756 in
499 1736 682 1763 numanitatis
707 1738 801 1763 studia
826 1738 960 1761 »unitatis
990 1730 1144 1758 redundare
1170 1735 1301 1765 poterat,
1331 1728 1401 1763 qui,
1431 1737 1487 1763 qua
1510 1729 1692 1765 aliquantum.

173 1777 303 1813 valebat,
333 1778 508 1814 Eloquentia
531 1782 565 1809 ad
589 1784 779 1818 perorandum
802 1783 831 1811 in
859 1783 930 1816 alios
957 1782 1066 1810 abusus
1091 1787 1154 1816 est,
1183 1779 1381 1816 cogitavitque
1405 1780 1488 1808 etiam
1516 1781 1550 1809 de
1574 1781 1692 1809 Homeri

171 1827 345 1856 carminibus
375 1829 545 1866 abolendis,
580 1839 607 1860 et
631 1833 748 1870 Virgilii
775 1834 915 1870 Liviique
946 1832 1070 1869 Scriptis
1095 1831 1292 1866 removendis3
1324 1831 1367 1859 uti
1394 1838 1509 1859 constat
1535 1840 1569 1860 ex
1591 1831 1687 1860 eodem

172 1878 203 1907 in
227 1879 322 1916 Calig.
341 1888 376 1916 53
394 1888 421 1909 et
442 1883 499 1918 34?
527 1884 588 1913 Aut
606 1893 621 1913 a
643 1885 786 1922 Claudio,
814 1886 866 1922 qui
891 1885 1024 1921 quamvls
1045 1885 1201 1922 princeps,
1230 1889 1263 1910 ut
1285 1882 1324 1910 ait
1344 1882 1425 1910 Suet.
1449 1882 1477 1910 in
1499 1882 1548 1909 Cl.
1567 1891 1621 1918 40,
1644 1892 1691 1911 ne-

171 1939 226 1969 que
247 1930 442 1968 infacundus,
465 1944 554 1973 neque
576 1936 725 1972 indoctus,
747 1939 803 1965 imo
826 1939 913 1966 etiam
927 1937 1126 1975 pertinaciter
1145 1933 1312 1962 liberalibus
1337 1932 1439 1961 studiis
1456 1932 1588 1968 deditus,
1611 1942 1691 1963 com-

171 1979 270 2016 plures
292 1989 357 2012 cum
379 1983 488 2016 Graece
507 1993 568 2017 tum
593 1986 696 2019 Latine
718 1988 808 2019 libros
836 1988 984 2026 scripserit
1005 1987 1090 2025 (vid.
1117 1995 1143 2016 c.
1161 1994 1196 2022 41
1219 1985 1312 2022 sq,);
1340 1983 1412 2014 idem
1435 1990 1531 2014 tamen
1547 1986 1692 2022 stupidio-

950 2038 978 2067 H
1001 2047 1016 2077 3
1652 2036 1691 2065 ris
