1940 2474
400 163 962 199 C‘OMMENTAT'IO
1031 165 1439 198 LITERARIA'.
1588 168 1673 204 Ἰ’ίμ

869 253 957 289 §L

541 330 587 359 De
607 331 700 359 Poe'tis
721 339 755 359 ex
776 335 902 368 utraque
923 329 1008 365 hujus
1027 329 1162 368 Epochae
1182 337 1288 359 aetate.

192 409 318 438 Exculta
346 407 498 437 Ciceronis
525 408 705 444 aliorumque
734 416 909 436 summorum
936 407 1063 436 virorum
1097 416 1152 444 ope
1175 408 1290 444 Lingua
1316 407 1437 444 Latina,
1463 407 1588 438 Poeseos
1618 409 1672 437 ele-

156 460 253 496 gantia
269 468 371 496 magna
393 460 469 496 cepit
490 459 680 496 incrementa3
712 460 761 488 sed
784 460 839 488 sub
863 459 999 495 Augusto
1022 459 1135 487 demum
1161 468 1301 488 summam
1330 460 1442 488 laudem
1462 466 1509 489 est
1533 468 1670 489 consecu-

155 516 194 539 ta.
235 511 280 539 Ne
302 512 335 539 de
356 511 492 539 Cicerone
514 511 581 547 ipso
601 512 745 546 dicamus,
776 512 828 547 qui
854 510 969 548 Juvenis
992 510 1022 538 in
1044 510 1144 545 primis
1168 511 1251 540 Poesi
1275 512 1431 540 delectatus
1453 517 1516 547 est,
1546 518 1574 539 et
1594 520 1672 540 com-

149 563 234 597 plura
255 562 380 591 carmina
398 562 585 598 composuit,
618 562 725 598 quibus
753 569 864 591 tantum
882 563 979 592 inerat
1005 561 1136 590 Poeticae
1155 562 1321 598 facultatis,
1343 569 1376 591 ut
1399 571 1459 592 non
1484 563 1578 591 solum
1598 562 1670 591 Ora-

147 618 216 648 1013
246 614 295 642 sed
322 620 349 642 et
370 614 457 642 Poeta
477 615 606 650 optimus
629 613 827 643 Romanorum
852 614 1016 649 videretur,
1043 621 1078 642 ut
1101 613 1185 642 refert
1212 614 1391 643 Plutarchus
1416 615 1446 643 in
1476 615 1537 652 ejus
1557 614 1617 643 vita
1634 623 1668 650 p.

150 665 226 699 861,
247 665 288 701 F3
321 674 406 701 quam
432 673 524 695 tamen
547 667 656 694 laudem
683 672 782 702 postea
814 665 982 694 obscuravit
1005 674 1182 694 summorum
1213 665 1243 693 in
1272 665 1327 693 hoc
1357 673 1458 702 genere
1489 666 1668 702 ingeniorum

148 717 336 751 praestantia:
364 719 403 746 A.
425 718 466 747 U.
486 717 602 745 ‘circiter
622 718 676 753 673
698 723 817 746 exortus
838 724 883 745 est
903 718 1079 752 Lucretius,
1110 716 1161 752 qui
1193 716 1254 752 ipse
1282 716 1404 751 Epicuri
1432 716 1600 752 disciplinae
1623 717 1670 744 de-

149 765 249 802 ditus,
279 768 367 804 hujus
395 769 554 797 doctrinam
585 769 710 797 carmine
733 769 888 804 exposuit,
915 775 1003 804 atque
1028 769 1066 796 ita
1092 768 1214 796 Po'e'seos
1239 766 1395 796 didacticae
1419 768 1496 803 apud
1518 767 1667 796 Romanos

146 825 248 845 auctor
270 817 338 847 fuit.
380 819 480 847 Parum
498 819 552 847 ille
574 820 688 855 quidem
709 820 764 848 sibi
783 820 859 849 cavit
881 820 915 848 ab
939 819 1078 848 obsoletis
1097 819 1214 854 verbis,
1242 819 1317 847 unde
1343 818 1464 846 subinde
1484 818 1667 854 antiquitatis

142 868 274 897 colorem
299 870 401 906 habet3
434 872 484 900 sed
507 871 686 901 sublimitate
707 881 806 901 omncs
826 871 889 901 fere
914 871 1081 908 superavit3
1111 872 1197 909 cujus
1224 870 1264 899 rei
1291 876 1394 899 testem
1417 870 1555 900 habemus
1584 870 1667 899 etiam

142 917 285 950 Ovidium
305 923 375 951 Am.
397 923 429 958 Ι,
454 930 508 958 15,
531 931 583 959 23:

467 975 609 1004 Carmina
628 977 756 1006 sublimis
780 983 848 1005 tunc
867 983 934 1005 sunt
950 978 1092 1015 peritura
1109 975 1236 1004 Lucreti*
1243 996 1254 1012 ,
1267 991 1304 997 —

469 1041 474 1044 -
512 1025 617 1053 Exitio
638 1031 736 1054 terras
756 1034 820 1055 cum
841 1025 922 1055 dabit
943 1038 1002 1056 una
1023 1027 1093 1056 dics.

180 1076 268 1106 Hunc
298 1076 380 1106 annis
406 1076 465 1106 fere
494 1076 599 1114 viginti
625 1084 726 1113 postea
757 1085 876 1108 secutus
902 1085 944 1107 est
966 1079 1005 1108 C.
1028 1079 1167 1109 Valerius
1186 1079 1345 1114 Catullus,
1375 1078 1501 1116 ejusdem
1531 1076 1667 1117 antiquae

139 1126 275 1161 duritatis
289 1129 514 1164 quodammodo
541 1129 686 1166 particeps
696 1151 712 1165 ‚f
735 1137 764 1160 at
780 1130 814 1159 in
836 1131 924 1160 variis
948 1131 1100 1168 generibus
1121 1132 1275 1160 excellens.
1324 1130 1446 1167 Lyricae
1466 1136 1494 1158 et
1515 1128 1667 1165 Elegiacae

140 1176 265 1208 Poeseos
289 1181 367 1216 apud
396 1180 545 1210 Romanos
566 1188 667 1211 auctor
693 1181 767 1218 fuit,
795 1189 823 1211 et
851 1183 881 1212 in
905 1183 957 1212 hac
980 1183 1095 1219 quidem
1116 1182 1251 1212 omnibus
1280 1188 1421 1219 praestare
1445 1180 1608 1218 potuisset.
1634 1175 1661 1203 Si

142 1228 201 1258 vim
219 1230 328 1268 ingenii
343 1232 390 1261 sui
411 1234 445 1264 ad
465 1242 524 1262 eam
542 1234 726 1263 excolendam
746 1234 938 1270 contulisset,
959 1235 1057 1272 judice
1075 1235 1197 1264 Mureto
1220 1235 1293 1273 Opp.
1316 1234 1356 1265 T.
1372 1234 1410 1262 II.
1432 1242 1465 1269 p.
1483 1234 1547 1261 ὃασ·
1584 1227 1663 1255 Idem

139 1280 389 1316 Epigrammatum
411 1285 541 1322 egregius
564 1292 684 1321 auctor,
706 1286 762 1323 hoc
783 1294 872 1322 genus
895 1286 1007 1322 primus
1030 1286 1064 1314 de
1083 1286 1226 1315 industria
1251 1285 1403 1316 tractavit,
1424 1284 1454 1307 1'11
1474 1286 1567 1314 eoque
1583 1283 1665 1307 tanto

139 1329 199 1358 fuit
217 1329 386 1365 Martiale,
403 1339 461 1366 -qui
481 1339 583 1366 postea
604 1343 723 1369 secutus
745 1344 808 1372 est,
837 1337 990 1373 superior,
1016 1344 1050 1365 ut
1070 1337 1167 1375 judice
1189 1337 1286 1365 eodem
1311 1336 1429 1364 Mureto
1454 1329 1483 1358 in
1499 1329 1601 1368 praef.
1624 1329 1667 1372 ad

141 1380 292 1410 Catullum
321 1382 343 1410 1.
360 1390 387 1410 c.
416 1391 449 1418 p.
465 1390 519 1418 711
550 1389 663 1412 tantum
693 1383 806 1412 intersit
834 1389 908 1412 mter
931 1389 1021 1426 -huJ'us
1048 1394 1079 1415 et
1107 1388 1186 1414 illius
1209 1386 1395 1418 facultatem,
1422 1388 1561 1417 quantum
1590 1380 1664 1409 inter

139 1432 218 1460 dicta
240 1441 353 1460 scurrae
373 1433 496 1470 alicujus
517 1435 551 1462 de
571 1434 718 1464 ¹trivio-et
740 1435 814 1463 inter
836 1435 965 1464 liberales
987 1435 1104 1472 ingenui
1130 1435 1257 1464 hominis
1275 1437 1376 1473 joco5,
1403 1434 1496 1463 multo
1518 1433 1664 1462 urbanita-

141 1483 179 1512 tis
200 1484 351 1520 adspersos
373 1486 441 1513 sale.

179 1535 221 1572 Q„
245 1535 407 1564 Ciceronem
428 1537 473 1566 M.
496 1537 519 1566 f.
543 1545 570 1566 ct
591 1538 684 1574 ipsum
707 1539 828 1575 Julittm
855 1539 1008 1568 Caesarem
1027 1540 1131 1569 Poe'sin
1150 1540 1287 1577 tragicam
1314 1541 1366 1568 hac
1389 1545 1478 1568 aetate
1501 1536 1663 1566 excoluisse

139 1593 241 1616 notum
261 1594 315 1616 est.
363 1588 452 1618 Porro
477 1590 608 1619 Caesaris
631 1591 763 1627 aequales
795 1591 848 1620 Cn.
869 1591 1000 1620 lllattitxs
1030 1598 1057 1620 et
1082 1592 1220 1620 Decimus
1241 1592 1386 1620 Laberius
1410 1589 1513 1626 egregii
1545 1588 1663 1616 fuerunt

138 1637 297 1667 Mimorum
330 1639 512 1678 Scriptores3
542 1651 666 1678 quorum
698 1643 746 1671 hic
775 1643 858 1672 etiam
885 1643 1033 1680 sexaginta
1061 1652 1152 1672 annos
1177 1650 1262 1672 natus
1284 1652 1299 1671 a
1328 1643 1449 1671 Caesare
1476 1646 1593 1669 coactus
1615 1641 1660 1664 est

138 1688 251 1718 Mimos
274 1691 391 1723 publice
412 1693 441 1722 iu
464 1702 548 1722 scena
570 1703 666 1731 agere,
688 1701 720 1723 ut
744 1702 838 1724 narrat
858 1695 1030 1724 Affacrobius
1051 1696 1177 1724 Satura„
1199 1695 1247 1730 Π,
1270 1703 1298 1731 7.
1340 1694 1380 1722 Et
1406 1694 1434 1720 in
1458 1689 1555 1718 eodem
1579 1695 1662 1724 gene-

141 1749 170 1769 re
190 1740 278 1776 paulo
301 1746 401 1775 postea
425 1741 519 1770 Clarus
544 1743 602 1771 fuit
625 1747 661 1775 P.
685 1747 792 1784 Syrus,
814 1747 897 1784 cujus
919 1746 1029 1775 Mimos
1054 1747 1116 1776 sive
1139 1746 1292 1775 sententias
1315 1744 1442 1781 lepidas,
1471 1748 1498 1769 et
1521 1741 1554 1769 ad
1579 1747 1659 1768 com-

140 1801 255 1822 munem
278 1801 362 1821 usum
383 1795 714 1832 accommodatissimas,
732 1804 869 1827 memorat
885 1798 1056 1827 Macrobius
1078 1799 1099 1827 l.
1117 1807 1144 1827 e.
1187 1797 1242 1826 Sed
1264 1797 1293 1825 in
1307 1795 1407 1833 primis
1423 1794 1531 1823 clarum
1552 1798 1659 1820 nomen

141 1851 317 1874 consecutus
336 1850 379 1872 est
400 1845 436 1873 P.
458 1846 606 1876 Terentius
627 1848 744 1884 Varro3
770 1849 804 1877 ab
831 1849 922 1879 Atace
943 1850 1055 1879 Galliae
1077 1849 1294 1884 Narb011e118i5‚
1323 1848 1353 1876 in
1382 1854 1437 1882 qua
1466 1851 1550 1874 natus
1580 1848 1659 1878 erat,

140 1896 231 1926 fluvio
248 1897 391 1926 Atacinus
405 1898 523 1934 dictus,
546 1899 597 1935 qui
613 1899 713 1928 floruit
736 1900 848 1935 circiter
867 1901 905 1932 A.
922 1901 962 1933 U.
985 1911 1040 1939 707
1062 1908 1126 1931 ante
1146 1901 1187 1930 N.
1210 1901 1248 1930 A.
1269 1901 1321 1936 46,
1369 1899 1425 1928 Hic
1450 1897 1478 1925 in
1498 1895 1605 1927 Lyrico
1625 1898 1653 1919 et
1695 1922 1697 1924 ,

142 1947 277 1985 Elegiaco
303 1957 402 1986 genere
432 1949 540 1979 nobilis
568 1951 596 1980 in
626 1951 726 1980 Satiris
758 1952 853 1982 minus
884 1953 962 1983 felici
991 1963 1132 1983 successu
1156 1961 1228 1978 usus
1253 1958 1316 1986 est,
1344 1950 1439 1988 judit·c
1458 1942 1533 1970 ΗΝ·
1557 1943 1653 1971 Satir.

142 1999 181 2031 L.
205 2000 236 2037 Ι,
258 2009 310 2036 ιο,
330 2001 384 2036 46:
415 2001 464 2030 sed
485 2011 517 2031 eo
538 2002 627 2040 magis
652 2004 786 2033 excelluit
808 2004 931 2035 carmine
948 2004 1064 2041 Epico‚
1093 2008 1152 2037 quo
1174 2001 1327 2036 Apolluuu
1348 1994 1456 2024 Rhodii
1480 1994 1658 2031 Argonauti-

942 2053 966 2083 Β
1606 2053 1656 2072 co-
