1940 2474
187 133 232 170 'Rufi
465 133 508 165 G.
593 133 618 164 J.
704 131 741 163 C.
830 133 940 163 vlu
1025 131 1061 162 M
1093 130 1129 162 ’Λ
1170 133 1192 162 S
1235 134 1256 163 S
1298 134 1328 163 Ο
1371 132 1411 161 W

199 220 341 250 cationem
367 219 431 255 ipso
450 220 513 256 jure
534 218 677 248 Dominus
701 217 786 253 fiam,
807 225 859 245 eur
875 215 1032 256 necessaria
1048 215 1094 245 hic
1116 224 1160 246 est
1182 217 1368 254 Publiciana,
1391 225 1459 247 cum
1481 225 1538 247 rem
1562 219 1704 249 vlndicarc

203 269 342 307 possim?
365 269 556 306 Respondeo‚
577 271 632 299 hoc
654 276 715 298 tum
736 269 847 298 demum
869 267 948 302 fieri,
975 274 1044 295 cum
1067 275 1111 296 res
1142 268 1299 305 adjudicata
1321 271 1445 307 propria
1466 270 1515 298 sit.
1556 270 1622 299 Hoc
1638 271 1706 300 loco

198 327 294 350 autem
317 320 412 358 agitur
432 321 465 349 de
486 329 515 349 re
535 321 652 356 aliena,
675 328 779 356 quam,
802 319 970 355 priusquam
996 319 1057 354 ejus
1078 319 1246 348 Dominium
1263 320 1471 356 acquiramus.
1484 328 1640 357 usucapere
1658 322 1704 350 de-

202 371 326 407 bemus;
349 378 429 400 antea
450 373 529 400 nulla
550 371 726 400 Vindicatio.
767 370 822 399 Sed
843 376 875 398 ut
899 375 990 398 tamen
1013 377 1086 406 rem,
1107 370 1133 398 si
1157 366 1232 400 for-‘te
1253 371 1362 401 amissa.
1372 371 1436 407 sit,
1456 379 1620 408 recuperare
1636 380 1704 408 pos-

198 429 315 456 semus,
336 422 418 450 datur
442 422 526 451 nobis
550 422 727 451 Publiciana.

239 471 321 510 Quae
342 478 386 500 est
416 473 518 501 similis
540 473 721 508 Venditioni‚
751 473 828 500 Liris
855 474 1079 502 aestimationem
1108 474 1165 502 huc
1183 474 1344 511 pertinere,
1371 473 1410 502 ait
1429 473 1522 510 JCtus
1538 473 1582 513 vin
1607 473 1636 509 §.
1661 481 1704 501 sc-

198 523 314 565 rtquenti.
354 523 419 552 Hoc
441 524 481 552 ita
501 523 698 561 intelligimus.
741 524 816 553 Cum
846 529 951 560 actor,
972 532 1028 553 rem
1059 533 1138 553 suam
1165 532 1299 561 repetens.
1318 534 1334 553 a
1359 525 1499 561 praesenti
1520 532 1705 560 possessore,

193 580 262 601 eam
281 574 422 610 consequi
445 574 563 610 nequit,
585 575 726 611 siquidem
753 584 796 604 res
819 576 905 613 hujus
927 577 1014 611 dolo,
1040 576 1192 612 vel'culpa
1212 577 1311 612 abest,
1330 574 1520 604 nihilominus
1541 581 1625 604 actor
1642 583 1707 610 pre-

198 623 275 652 ‹tium
296 624 336 652 rei
365 626 504 662 consequi
528 632 635 663 potest.
678 626 708 655 Si
732 627 800 655 dolo
829 626 907 656 Reus
934 635 990 655 rem
1017 627 1164 663 possidere
1191 627 1341 662 desiisset,
1371 627 1434 663 ipse
1462 633 1542 655 actor
1563 626 1592 655 in
1609 626 1705 654 Litem

190 674 331 711 jurabat,
362 676 462 711 quanti
483 685 526 706 res
556 676 670 705 fuisset.
711 677 837 707 Necesse
865 677 939 706 enim
960 684 1018 706 erat
1045 678 1106 714 ejus
1132 678 1343 706 contumaciam
1374 679 1513 707 coercere.
1554 677 1584 705 Si
1611 682 1708 705 autem

196 725 288 761 *culpa
310 733 354 754 res
375 726 502 762 abesset,
521 728 608 764 judex
630 727 660 756 in
682 728 710 756 id
728 737 807 757 reum
824 729 990 764 damnabat,
1013 729 1112 764 quanti
1134 737 1190 757 rem
1210 729 1378 766 ipse.judex
1398 728 1589 758 aestimaverit
1611 727 1707 764 (1⁷7).

192 775 292 804 -Nunc
313 776 391 811 Reo,
412 778 468 813 jam
493 777 642 807 satisfacto
662 785 772 814 actore,
794 780 961 808 Dominium
979 780 1007 807 in
1027 789 1083 808 rem
1107 781 1261 815 competit3
1281 780 1313 809 id
1335 787 1396 815 est‚
1423 781 1447 809 si
1468 786 1548 809 actor
1565 779 1628 815 ipse
1649 778 1709 809 Do-

202 827 300 855 minus
333 827 407 862 fuit3
438 827 491 856 sin.
504 836 570 856 vero
599 836 658 857 non
685 829 812 858 Domino
842 839 907 858 reus
932 831 1056 866 pretium
1082 832 1187 867 solvit,
1215 831 1382 860 Publiciana
1410 831 1435 859 ei
1463 832 1559 865 datur,
1590 831 1625 858 ad
1648 835 1705 856 rem

202 876 278 906 forte
299 877 431 906 amissam
461 880 691 915 recuperandam.
731 879 772 908 Et
794 880 835 909 sic
863 881 1028 909 Publiciana
1059 882 1196 918 competit
1220 881 1302 909 etiam
1323 881 1507 915 Furiwqui.
1526 879 1709 911 Litisaeffl'-

197 927 352 957 mationem
377 929 501 964 obtulit,
525 930 606 965 quasi
623 931 704 967 justo
724 929 850 960 Emto'ri.
891 932 948 960 Res
970 932 1009 960 ita
1031 932 1127 961 oblata
1148 940 1210 961 non
1232 931 1356 969 amplius
1379 937 1424 960 est
1447 938 1490 958 res
1514 929 1639 965 furtiva3
1660 929 1709 957 sed

197 980 338 1015 quoniam
361 980 429 1008 haec
449 980 586 1009 Venditio
605 989 621 1009 a
642 987 722 1018 parte
738 981 903 1011 Venditoris
924 990 1023 1012 coacta
1046 990 1108 1019 est,
1134 983 1183 1012 hic
1206 991 1267 1011 non
1291 982 1406 1019 cogitur
1429 981 1464 1010 de
1486 980 1643 1011 Evictione
1664 989 1709 1012 ca-

192 1038 265 1059 vere
284 1030 323 1059 L.
338 1040 369 1066 4.
395 1030 430 1059 de
449 1031 530 1060 cond.
553 1032 642 1060 Furt.
681 1033 729 1062 Ex
758 1033 814 1062 hoc
844 1040 940 1070 patet,
966 1042 1066 1064 verum
1096 1043 1172 1070 esse,
1202 1034 1282 1070 quod
1310 1033 1379 1062 dicit
1403 1032 1515 1070 JC'tus‚
1542 1031 1709 1062 Venditioni

197 1080 318 1109 similem
343 1089 406 1110 esse
428 1081 506 1111 Litis
523 1083 761 1113 aestimationem.
801 1085 834 1113 In
851 1093 884 1113 eo
904 1092 997 1114 autem
1014 1086 1230 1122 quodammodo
1251 1084 1365 1120 differt,
1393 1083 1479 1121 quod·
1498 1081 1709 1117 Venditiofiat

196 1139 233 1160 ex
244 1132 313 1161 ,sola
335 1132 542 1169 conventione,
564 1133 613 1162 illa
633 1141 726 1164 autem
745 1135 783 1164 sit
801 1136 958 1165 necessaria
972 1143 1003 1165 et
1021 1137 1178 1174 judicialis.
1561 1140 1563 1143 ’
1699 1158 1701 1162 ,

236 1182 299 1211 Nec
319 1189 431 1213 tantum
451 1184 643 1215 Publicianam
669 1186 819 1217 instituere
838 1193 937 1224 potest
957 1187 1002 1223 is,
1024 1188 1075 1225 qui
1096 1188 1132 1217 ab
1151 1196 1184 1217 eo
1205 1189 1290 1223 emit,
1304 1187 1362 1223 qui
1382 1163 1522 1217 alienandi
1544 1185 1710 1218 facultatem

198 1233 301 1270 habet,
318 1235 374 1263 sed
394 1235 477 1264 etiam
495 1235 548 1264 tibi
565 1237 705 1274 competit
726 1238 921 1274 Publiciana,
931 1238 956 1267 si
979 1238 1014 1267 ab
1038 1247 1088 1268 eo
1097 1240 1227 1275 emeris,
1237 1239 1285 1268 cui
1311 1238 1402 1275 Leges
1423 1247 1483 1267 non
1505 1241 1712 1267 concesserunt

192 1283 277 1312 bona
294 1293 346 1313 sua
366 1286 503 1322 alienare,
525 1294 595 1323 puta
610 1297 626 1317 a
641 1289 771 1324 furioso,
792 1290 859 1318 dum
872 1290 991 1326 ignoras
1006 1299 1070 1319 eum
1090 1291 1193 1320 furere.
1235 1290 1317 1319 Talis
1337 1290 1460 1324 Emtor,
1482 1294 1514 1316 ut
1532 1287 1617 1317 tradit
1631 1287 1708 1319 Mau

196 1334 308 1369 celius,
329 1343 485 1372 usucapere
500 1344 608 1373 potest.
647 1339 713 1368 Hoc
735 1340 933 1369 introductum
954 1347 998 1369 est
1019 1341 1154 1379 utilitatis
1168 1350 1279 1375 causa,
1302 1341 1369 1375 quia
1383 1340 1512 1375 aequitas
1527 1347 1586 1368 non
1602 1339 1710 1374 patitur

195 1391 261 1412 eum
286 1384 397 1421 decipi,
426 1387 477 1421 qui
496 1387 527 1415 h.
551 1387 575 1415 f.
599 1389 686 1423 emit,
715 1389 783 1416 dum
808 1387 884 1415 forte
911 1387 1041 1415 furiosus
1068 1397 1126 1415 erat
1149 1392 1177 1415 in
1201 1397 1360 1421 conspectu
1384 1389 1566 1414 adumbratae
1590 1388 1706 1421 quictis,

199 1434 292 1463 Furor
313 1442 427 1472 autem,
448 1437 483 1466 de
502 1446 561 1473 quo
582 1439 640 1467 hoc
666 1439 751 1473 loco,
770 1445 832 1466 non
848 1436 986 1471 est-iste,
1009 1436 1060 1472 qui
1078 1435 1173 1464 statim
1194 1435 1318 1471 perspici
1340 1441 1454 1470 potest,
1476 1435 1524 1463 sed
1542 1434 1641 1470 potius
1654 1435 1709 1464 ista

197 1485 359 1522 dementia,
381 1496 454 1523 quae
475 1488 617 1525 ignoranti
640 1497 707 1518 sana
730 1497 810 1517 mens
829 1488 952 1516 videtur.
992 1487 1068 1516 Nam
1082 1487 1216 1523 furiosus
1242 1485 1290 1513 hic
1313 1485 1433 1514 dicitur.
1448 1494 1500 1521 pro
1518 1491 1616 1515 ¹mente
1641 1494 1707 1521 eap-

198 1543 251 1573 :to‚
273 1537 410 1567 demente.
451 1538 505 1568 Uti
528 1546 621 1568 autem
646 1548 689 1568 res
713 1548 729 1568 a
753 1539 867 1568 furioso
889 1538 1008 1567 alienata
1028 1538 1148 1574 usucapi
1164 1543 1313 1574 possunt,
1335 1536 1377 1565 sic
1399 1536 1500 1572 etiam,
1524 1545 1594 1572 quas
1616 1535 1708 1566 minor

198 1588 344 1624 vendidit,
365 1589 400 1617 ab
424 1590 543 1619 Emtore
558 1590 683 1626 usucapi
706 1596 850 1626 possunt,
871 1595 991 1626 putante
1010 1597 1075 1618 eum
1098 1589 1231 1626 majorem
1256 1596 1318 1617 esse
1341 1587 1379 1616 L.
1399 1596 1427 1623 7.
1448 1589 1477 1623 §-
1495 1597 1524 1623 4.
1549 1588 1579 1622 h,
1602 1587 1634 1615 Τ.
1673 1587 1708 1619 In

196 1645 232 1665 eo
253 1645 362 1668 tantum
387 1640 562 1677 differentia,
585 1648 680 1670 utrum
703 1649 752 1671 res.
768 1641 854 1670 Emta
872 1641 911 1669 sit
931 1649 948 1669 a
969 1639 1100 1675 furioso,
1119 1648 1156 1668 an
1181 1647 1248 1669 vero
1273 1648 1288 1667 a
1308 1638 1440 1674 Minore3
1465 1638 1544 1674 quod
1563 1638 1613 1674 qui
1630 1636 1709 1666 afu-

198 1687 278 1716 rioso
298 1690 416 1724 emerit,
436 1692 531 1720 sciens
556 1699 619 1720 eum
641 1692 753 1727 furere,
775 1692 846 1722 nihil
872 1692 1019 1728 acquirat,
1048 1691 1078 1719 in
1100 1690 1208 1720 minore
1232 1697 1324 1718 autem
1352 1698 1410 1719 non
1434 1697 1546 1725 semper
1567 1690 1646 1716 nulla
1668 1688 1707 1716 sit

199 1738 316 1774 Ennio,
352 1739 462 1768 etiamsi
494 1742 586 1769 sciens
611 1750 627 1769 a
651 1743 759 1771 minore
786 1743 899 1771 emeris.
948 1742 1021 1771 Nam
1046 1748 1115 1771 sunt
1143 1750 1186 1770 res
1213 1742 1364 1777 quaedam,
1391 1749 1461 1776 quas
1490 1739 1583 1768 minor
1610 1744 1708 1774 potest

195 1789 335 1824 alienare,
365 1790 477 1819 scilicet
506 1800 549 1820 res
573 1792 707 1821 mobiles.
749 1793 870 1821 Proinde
895 1794 994 1822 harum
1022 1801 1114 1821 terum
1144 1793 1243 1821 Erntio
1261 1800 1378 1828 semper
1400 1789 1526 1824 valebat,
1555 1797 1613 1817 non
1636 1789 1702 1817 item

199 1847 292 1868 retmn
307 1839 524 1877 immobilium,
544 1843 578 1871 de
604 1842 711 1878 quibus
736 1843 806 1872 solis
827 1843 921 1880 agitur
943 1845 973 1874 in
993 1844 1022 1873 d.
1047 1845 1076 1880 §.
1099 1853 1137 1879 4,
1165 1844 1217 1879 qui
1235 1845 1263 1880 §-
1290 1841 1489 1879 intelligendus
1509 1846 1553 1869 est
1572 1840 1606 1867 de
1625 1838 1706 1867 Prae-

452 1898 455 1901 .
1647 1888 1703 1925 diis

189 1956 202 1963 ¹¹
223 1962 239 1992 (
247 1967 289 1993 ¹7)
303 1965 362 1989 mne
377 1966 460 1990 divisio
472 1967 658 1996 'jurisjurandiin
675 1960 744 1992 tuen·
757 1972 867 1998 romaeis,
881 1976 904 1993 et
918 1971 940 1994 in
953 1971 1019 1995 ζίισοι
1032 1953 1152 1998 officulam.
1170 1970 1213 1994 Tu.
1225 1970 1251 1998 ff:
1268 1969 1291 1991 da
1305 1969 1327 1990 tn
1339 1967 1403 1990 lium
1412 1960 1512 1992 ‘juri-lu.
1545 1970 1551 1977 ·
