1940 2474
523 153 1043 187 COMMENTATIO
1108 152 1387 190 MEDIOL·
1661 157 1709 190 25

187 250 242 275 eus
256 241 478 271 considerandas
501 250 582 278 esse,
604 243 671 272 dum
697 242 731 271 ab
753 243 838 271 altera
855 248 934 278 parte
949 248 1044 279 patet,
1064 241 1195 272 alimenta
1211 243 1240 272 in
1262 251 1368 279 corpus
1389 241 1508 280 vivum,
1529 250 1590 273 non
1609 244 1706 274 solum

189 302 241 331 per
258 294 414 323 nutrititias
435 294 592 330 particulas
612 294 722 330 perdita
744 294 938 329 restituendo,
966 294 1017 323 sed
1039 293 1122 323 etiam
1153 303 1203 332 per
1223 301 1322 333 aptum
1350 294 1502 326 stimulum
1527 295 1704 334 principium

190 345 277 375 vitale
300 345 471 381 excitando,
495 345 582 375 vitam
598 345 732 383 cujusvis
756 344 897 374 individui
916 353 1037 374 servare.

728 429 1164 452 MEDICAMENTA.

223 499 332 537 Capite
355 501 532 537 praecedenti
553 500 690 537 exemplis
715 500 886 536 quibusdam
909 506 1030 528 conatus
1052 499 1096 528 fui
1121 501 1287 537 ostendere,
1314 502 1463 538 quomodo
1483 502 1625 533 actionem
1647 509 1705 532 me-

185 552 413 581 dicamentorum
434 553 568 582 nonnulli
588 552 752 582 Clxemicam
778 560 842 581 esse
865 552 999 580 affirmare
1025 550 1181 582 voluerint.
1222 552 1310 580 Nunc
1330 552 1419 589 igitur
1442 552 1472 581 in
1495 561 1528 582 eo
1547 562 1628 590 sum,
1654 560 1704 591 ut,

185 603 261 639 quid
279 603 314 632 ab
334 603 419 632 altera
441 611 519 640 parte
542 610 642 633 contra
667 604 739 632 hanc
762 603 926 639 opinionem
954 602 1051 638 possit
1080 593 1191 638 afferri,
1221 604 1433 639 demonstrem,
1464 612 1628 641 argumenta
1650 614 1703 642 pro

186 653 347 691 Dynamiczl
368 655 478 684 theoria
493 656 641 684 allaturus.
681 654 776 683 Primo
798 655 912 690 quidem
935 654 1074 682 nonnulla
1099 654 1236 690 generalia
1262 654 1395 691 afferam,
1419 663 1543 691 quorum
1562 655 1705 688 sufficiens

187 706 260 735 ratio
279 707 361 735 nullo
385 707 470 736 modo
493 715 526 735 ex
546 706 693 736 Chemicis
711 706 821 742 legibus
845 705 1024 742 suppeditari
1043 711 1154 740 potest.

227 757 442 795 Argzlmentum
463 758 608 786 Primum.
659 758 864 792 Plerorumque
897 757 1168 793 medicamentorum
1199 756 1364 785 Chemicam
1393 757 1634 793 compositionem
1659 760 1706 787 ad-

187 807 245 835 huc
263 809 331 836 dum
351 809 435 843 plane
455 808 644 844 ignoramus,
674 813 702 834 et
728 807 762 842 de
783 806 885 843 paucis
909 807 1034 844 cognitis
1056 808 1103 844 (si
1124 809 1181 845 jam
1203 809 1357 844 probatum
1379 808 1453 837 foret
1479 809 1546 837 haec
1569 809 1705 839 Chemice

183 867 268 896 agere
287 859 316 887 in
341 867 448 895 corpus
470 859 652 895 humanum)
680 867 839 893 numquam
869 860 1040 888 concludere
1064 869 1219 897 possemus
1248 862 1516 892 medicamentorum
1548 863 1578 891 in
1604 871 1703 900 genere

145 922 149 927 «
181 909 326 938 actionem
348 917 410 937 esse
432 908 609 938 Chemicam.

222 961 436 997 Argumentum
459 960 631 988 Secundum.
679 960 770 989 Dosis
798 960 912 991 illorum
945 962 1060 992 effectui
1087 973 1146 995 non
1175 965 1345 1002 respondet3
1373 974 1456 1003 saepe
1485 965 1560 995 enim
1588 967 1703 998 maximi

182 1009 303 1040 effectus
327 1020 343 1040 a
366 1010 484 1040 minima
503 1012 567 1040 dosi
590 1018 618 1040 et
638 1011 749 1041 inversa
774 1013 883 1042 ratione
907 1014 1108 1044 observantur.
1500 1054 1503 1058 ἡ

180 1075 188 1092 ε
222 1063 437 1101 Argumentum
456 1064 596 1093 Tertium.
638 1064 771 1103 Effectus
788 1065 1006 1101 medicamenti,
1030 1067 1126 1095 eadem
1142 1068 1208 1107 licet
1224 1068 1304 1103 dosi,
1322 1068 1406 1097 etiam
1418 1069 1576 1106 'valdopere
1596 1070 1701 1111 differt.

179 1114 254 1151 sic,
275 1124 305 1145 v.
332 1125 380 1153 g.,
402 1117 570 1155 hydrargyri
594 1117 708 1155 aliquot
729 1127 815 1155 grana
831 1119 866 1147 ab
880 1127 939 1148 uno
962 1125 1090 1156 assumta
1114 1119 1331 1155 sufflationem,
1352 1120 1386 1148 ab
1403 1121 1491 1150 altero
1511 1121 1701 1159 diarrhaeam‚

185 1174 202 1195 a
223 1167 307 1196 tertio
333 1169 453 1198 sudores
476 1179 670 1206 promovent,
696 1177 724 1199 et
749 1171 805 1201 hoc
830 1179 889 1199 non
912 1171 1009 1200 solum
1037 1171 1066 1198 in
1090 1170 1232 1207 diversis,
1256 1173 1306 1201 sed
1328 1174 1373 1202 vel
1400 1173 1429 1201 in
1458 1181 1517 1202 uno
1547 1175 1705 1215 eodemque

178 1216 355 1256 individuo,
371 1220 543 1258 frequenter
567 1222 746 1251 observatur.
787 1222 864 1251 Idem
890 1223 967 1251 valet
987 1222 1024 1250 vde
1043 1222 1159 1251 actione
1183 1231 1260 1252 nunc
1283 1224 1418 1261 sedante,
1447 1233 1526 1255 nunc
1545 1226 1705 1264 excitante,

184 1271 247 1306 opii
266 1271 446 1309 aliorumque
467 1262 750 1304 medicamentorum.

178 1347 184 1350 .
221 1324 436 1361 Argumentum
451 1327 621 1365 ⁴,Qum-tum.
670 1327 801 1356 Effectus
829 1327 1100 1356 medicamentorum
1130 1325 1269 1356 Chemica
1305 1325 1519 1364 compositione
1546 1328 1708 1368 diversissi-

176 1382 295 1404 morum
317 1376 401 1406 iidem
421 1381 520 1408 'tamen
542 1380 619 1409 haud
632 1386 701 1408 ‘uno
725 1379 756 1407 in
777 1387 847 1407 casu
874 1378 1075 1407 observantur.
1118 1379 1166 1407 Sic
1188 1387 1292 1417 aquam
1315 1379 1469 1415 frigidam,
1499 1380 1636 1410 corticem
1655 1380 1707 1410 Pe-

174 1426 353 1462 -ruvianum,
375 1431 402 1456 et
425 1424 544 1465 sulphas
569 1430 657 1465 ferri,
683 1430 831 1458 roboranti
855 1428 885 1457 vi
907 1429 1030 1465 gaudere
1044 1435 1156 1465 certum
1173 1435 1236 1466 est,
1259 1436 1286 1458 et
1303 1438 1389 1466 quam
1413 1430 1525 1460 diversa
1544 1431 1647 1461 horum
1667 1431 1709 1462 sit

185 1476 324 1506 Chemica
345 1479 464 1515 mixtio,
486 1489 546 1509 non
569 1487 613 1511 est
638 1481 719 1517 quod
739 1479 869 1510 referam.

175 1526 435 1566 --YArgumcntum
457 1530 616 1567 Quintum.
656 1531 866 1565 Medicamenta
891 1534 986 1570 varia,
1010 1536 1035 1564 si
1059 1544 1109 1572 per
1133 1536 1253 1573 longum
1273 1535 1411 1573 temporis
1430 1537 1556 1574 spatium
1579 1536 1708 1566 adhibita

182 1577 306 1614 fuerint,
327 1587 387 1609 non
407 1582 532 1617 amplius
555 1584 669 1612 eosdem
695 1583 725 1612 in
745 1593 866 1621 corpore
887 1584 1014 1614 humano
1040 1586 1159 1617 effectus
1185 1588 1300 1616 habent.
1342 1588 1428 1624 Hoc,
1450 1589 1607 1618 secundum
1631 1590 1708 1617 Che-

180 1630 274 1659 *micas
303 1632 378 1669 leges
404 1634 539 1670 explicari
563 1643 623 1664 non
643 1642 752 1672 potest.
797 1636 929 1666 Affinitas
961 1637 1036 1666 enim
1064 1637 1139 1666 inter
1167 1638 1309 1675 principia
1334 1648 1393 1669 non
1425 1640 1507 1669 silere
1535 1646 1654 1677 potest,
1679 1646 1710 1669 et

175 1681 294 1710 ”tamdiu
318 1688 408 1713 novae
436 1684 593 1721 particulae
618 1687 900 1719 ›affinitateffelectiva
930 1690 964 1718 ad
995 1691 1105 1726 priores
1134 1691 1329 1727 attrahentur‚
1365 1693 1455 1721 donec
1490 1699 1630 1728 punctum
1661 1699 1707 1720 sas

184 1734 337 1763 tutationis
351 1744 486 1771 praesens
506 1738 556 1766 sit.
597 1738 644 1767 Sic
667 1748 697 1768 v.
718 1748 746 1775 g.
770 1749 804 1769 ex
822 1741 970 1770 Chcmicis
990 1742 1150 1776 novimus,
1172 1748 1276 1770 certam
1302 1743 1376 1772 acidi
1394 1743 1490 1771 nitrici
1512 1742 1622 1778 copiam
1646 1742 1707 1771 sol-

182 1792 248 1813 vere
264 1785 474 1816 determinatam
497 1789 684 1824 quantitatem
702 1791 808 1827 calcis,
833 1792 853 1820 i.
874 1799 901 1820 e.
923 1801 989 1820 cum
1005 1794 1036 1821 ea
1053 1792 1191 1821 Chemice
1210 1793 1309 1830 jungi·
1332 1794 1357 1822 si
1378 1800 1472 1822 autem
1497 1794 1617 1823 ulterius
1640 1794 1704 1831 inji-

180 1836 276 1867 ciatur
298 1839 384 1874 calx,
414 1840 482 1868 haec
506 1849 565 1869 non
594 1842 720 1878 amplius
748 1842 783 1871 ab
807 1843 890 1871 acido
919 1843 1075 1879 afficietur,
1109 1845 1158 1872 sed
1179 1844 1326 1872 immutata
1353 1845 1431 1873 vasis
1459 1844 1581 1873 fundum
1607 1851 1703 1891 petet:

175 1887 256 1917 idem
279 1890 353 1918 valet
373 1891 407 1919 de
429 1891 502 1920 ferro
523 1892 615 1921 aliove
630 1894 766 1929 metallo;
788 1895 874 1922 semel
893 1895 969 1922 enirn
990 1895 1122 1931 rubigine
1142 1897 1306 1931 contracta,
1326 1896 1393 1925 licet
1416 1897 1446 1926 in
1467 1905 1544 1933 puro
1561 1897 1703 1935 oxygenio

183 1945 347 1974 ponantur,
368 1950 427 1970 non
444 1943 569 1978 amplius
595 1952 661 1973 cum
686 1947 717 1973 ed
735 1945 904 1982 jungentur.
1656 1985 1658 1987 ,

224 1988 332 2020 Forsan
356 1990 444 2028 igitur
461 1993 544 2025 etiam
565 1994 606 2024 sic
628 1994 770 2033 explicare
792 1996 859 2034 quis
883 1997 969 2027 vellet
992 1998 1151 2037 rationem,
1176 2008 1228 2030 cur
1248 1996 1451 2032 medicamenta
1468 2007 1606 2045 consueta
1628 1998 1707 2030 haud

986 2049 1013 2079 D
1648 2056 1708 2080 am-
